3267 5075
678 363 809 431 236
1377 368 1388 381 ·
1609 362 1827 417 121ssssss
1862 362 2033 416 xnn.

678 531 888 586 Pacuvii
933 529 1079 600 410,
1113 529 1192 585 25
1240 547 1395 585 nunc
1440 547 1512 585 ne
1557 531 1734 585 hilum
1779 536 2110 601 exspectes',
2156 530 2389 602 quando
2436 533 2620 586 amico
2665 521 2929 605 amiciter}

674 617 874 688 fecisti
889 639 904 676 ,·
951 613 1037 669 ubi
1085 631 1265 670 verum
1313 617 1412 670 iam
1460 614 1589 669 vidit
1633 614 1950 670 Scriverius·

852 699 950 755 11.
1023 715 1252 756 macros
1291 700 1621 771 palumbes,·
1667 699 1793 754 Hor.
1826 717 1870 754 S.
1906 699 1948 771 l,
1982 698 2040 771 5,
2075 699 2150 755 72
2197 701 2428 756 macros
2471 702 2684 757 turdos,
2731 731 2799 739 -
2836 717 2929 770 pa·

676 786 922 847 lumbes,
969 801 1080 840 non
1123 791 1273 840 recte
1318 784 1492 840 Dousa
1537 783 1685 839 dedit
1730 783 1861 839 illud
1904 786 2223 856 palumbos,
2312 801 2432 839 nam
2490 792 2546 840 et
2599 784 2733 858 apud
2776 784 2934 839 Chari-

631 860 814 925 'sium
860 869 1155 942 antiquitus
1200 870 1460 942 scriptum
1518 867 1688 924 fuisse
1738 871 2038 940 palumbes
2093 868 2353 941 probatur
2411 869 2581 941 ipsius
2633 870 2932 943 grammatici

680 953 871 1024 verbis,
920 956 1012 1027 qui
1057 956 1135 1011 sic
1181 955 1386 1028 pergit:
1463 955 1651 1010 Varro
1696 962 1885 1010 (zeelem
1929 958 1986 1012 in
2034 954 2262 1010 Scauro
2304 956 2565 1025 palumbi
2604 957 2761 1023 dicit,
2803 954 2937 1027 quod

678 1041 1027 1096 consuetudo
1058 1054 1283 1112 quoque
1314 1043 1634 1108 usurpavit.
1711 1047 1765 1093 et
1798 1039 2038 1095 firmatur
2082 1055 2168 1095 res
2199 1040 2468 1112 excerptis
2511 1039 2931 1112 orthographicis,

672 1126 974 1196 palumbes
1018 1139 1233 1196 semper
1276 1121 1404 1178 dixit
1455 1123 1722 1178 Horatius,
1811 1132 1916 1180 cet.
1965 1124 2035 1180 cl'.
2084 1123 2258 1179 Bentl.
2304 1123 2366 1178 ad
2417 1123 2546 1178 Hor.
2596 1141 2643 1179 c.
2688 1124 2725 1191 l,
2761 1123 2818 1194 2,
2848 1122 2932 1178 10.

851 1209 946 1264 12.
1023 1210 1198 1264 alium
1244 1225 1343 1281 pro
1401 1210 1537 1264 allio
1595 1215 1653 1263 ut
1699 1209 1752 1263 in
1800 1209 2054 1264 Varronis
2111 1207 2283 1263 verbis
2341 1226 2424 1281 ap.
2470 1208 2609 1264 Non.
2654 1209 2765 1265 201
2810 1227 2850 1262 S.
2890 1225 2931 1261 v.

675 1309 807 1365 cepe
854 1300 910 1348 et
959 1292 1072 1349 131
1107 1309 1152 1348 ε.
1185 1310 1232 1347 v.
1280 1292 1491 1350 lncuus.
1579 1293 1653 1347 ita
1698 1301 1753 1347 et
1808 1309 1970 1367 saepe
2022 1291 2166 1348 alibi.
2222 1324 2306 1333 —-
2363 1295 2492 1355 olit,·
2547 1293 2677 1349 illud
2730 1297 2840 1350 olai
2877 1308 2933 1347 ex

678 1377 893 1449 Afranio
938 1385 993 1433 et
1037 1376 1333 1450 Pomponio
1379 1376 1529 1433 all'ert
1574 1377 1713 1433 Non.
1765 1376 1914 1441 147;
1975 1379 2133 1434 olunt
2176 1377 2311 1434 dixit
2356 1377 2578 1434 Plautus
2620 1380 2674 1433 in
2716 1376 2933 1434 Poenulo

675 1470 729 1516 et
774 1465 828 1517 in
873 1461 1251 1518 Cornicularia.

847 1548 945 1604 13.
1019 1547 1086 1602 de
1129 1563 1188 1602 se
1231 1548 1351 1619 ipso
1398 1554 1458 1602 ut
1503 1554 1636 1620 puto
1682 1547 1814 1603 haec
1857 1547 1991 1602 dixit
2034 1547 2290 1605 Lucilius·

848 1631 942 1688 14.
1019 1648 1207 1688 nonne
1255 1631 1392 1687 Calo
1438 1648 1485 1687 e.
1518 1649 1570 1704 q.
1602 1649 1681 1699 S.;
1740 1633 1826 1688 hic
1868 1649 1990 1707 epm
2037 1634 2308 1704 posterior
2365 1651 2489 1707 pars
2548 1632 2820 1707 fragmenti
2871 1631 2932 1685 sit

674 1718 817 1773 salva
860 1725 917 1772 ct
961 1733 1123 1773 sensu
1169 1724 1224 1772 et
1267 1724 1440 1772 metro
1499 1714 1643 1786 (nam
1692 1718 1848 1772 unius
1894 1717 2114 1773 voculae
2161 1718 2531 1773 traiectionem
2575 1735 2684 1773 non
2730 1708 2930 1789 moror),

674 1802 895 1858 cancelli
938 1805 992 1858 in
1039 1801 1254 1857 modum
1303 1810 1599 1858 retrorsum
1637 1801 1847 1858 cedenti
1878 1810 2033 1858 erant
2063 1802 2270 1876 reliqua
2312 1801 2677 1858 instauranda.
2728 1834 2797 1843 —-
2838 1817 2929 1871 ap-

671 1890 907 1957 pellari,
953 1888 1320 1958 reprehendi,
1365 1890 1554 1960 arqui,
1602 1895 1662 1941 ut
1707 1886 1847 1960 apud
1892 1887 2203 1942 Ciceronem
2247 1886 2314 1942 de
2359 1886 2450 1944 uir.
2495 1887 2538 1958 1,
2583 1886 2685 1958 25,
2729 1887 2802 1943 89
2843 1902 2931 1941 ca·

678 1975 916 2028 vendam
960 1976 1126 2027 eliam
1171 1989 1244 2028 ne
1286 1975 1471 2027 maior
1505 1987 1703 2042 poena
1748 1989 1918 2044 quam
1962 1974 2136 2043 culpa
2167 1974 2239 2028 sit
2270 1979 2326 2028 et
2356 1988 2428 2028 ne
2458 1975 2633 2028 isdem
2662 1974 2733 2028 de
2761 1972 2931 2027 causis

673 2058 776 2112 alii
807 2059 1169 2127 plectantur,
1216 2059 1319 2113 alii
1347 2073 1419 2113 ne
1448 2059 1817 2128 appellentur
1847 2058 2091 2128 quidem.
2136 2088 2219 2095 —
2263 2064 2503 2112 ceterum
2538 2055 2750 2112 mollius
2782 2055 2930 2110 fluent

673 2142 905 2211 numeri,
949 2142 995 2195 si
1038 2142 1110 2196 ita
1157 2157 1387 2214 reponas
1433 2144 1557 2196 non'
1578 2144 1874 2212 appellari
1914 2143 2069 2214 quod
2095 2148 2224 2199 erat
2254 2142 2364 2198 sibi
2389 2146 2661 2198 conscius
2700 2146 2832 2213 ipse.
2859 2168 2930 2180 --

673 2226 804 2280 haec
849 2232 1028 2281 autem
1074 2223 1230 2280 verba
1279 2226 1417 2281 haud
1463 2227 1647 2299 inepte
1691 2228 1990 2300 comparari
2028 2234 2257 2300 possunt
2288 2244 2409 2282 cum
2440 2227 2547 2282 illis
2593 2245 2707 2284 non
2744 2228 2930 2298 paucis

673 2312 843 2366 malle
888 2328 935 2366 e.
972 2328 1024 2384 q.
1058 2328 1103 2366 S.
2452 2355 2457 2359 -

844 2395 940 2451 15.
1021 2395 1336 2452 Tubilcmus
1382 2413 1480 2470 pro
1531 2395 1849 2452 Tuditanus
1862 2421 1880 2459 ‚·
1939 2396 2035 2467 18,
2073 2397 2105 2452 7
2156 2395 2275 2453 libri
2319 2398 2598 2455 ruberum
2645 2415 2740 2471 pro
2785 2397 2929 2453 rude-

674 2498 823 2538 rum.
872 2511 952 2520 -—-
1006 2481 1362 2544 Tuditanum
1406 2482 1480 2537 ita
1524 2499 1608 2555 ap.
1658 2480 1912 2538 Ennium:

925 2627 1021 2666 ore
1065 2611 1300 2686 Cetegus
1346 2611 1539 2667 Marcu’
1585 2611 1854 2667 Tuditano
1898 2609 2142 2687 collega;

669 2750 739 2805 cl.
785 2749 838 2804 d.
885 2767 930 2804 r.
970 2767 1037 2805 m.
1072 2749 1213 2806 367.
1259 2780 1344 2790 -
1387 2767 1495 2805 non
1539 2766 1662 2804 sum
1707 2751 1955 2823 equidem
1996 2752 2218 2824 ignarus
2263 2766 2383 2806 esse
2427 2752 2521 2823 qui
2568 2750 2931 2824 antepaenulti·

669 2852 808 2889 mam
853 2836 906 2889 in
939 2833 1201 2890 vocabulo
1232 2834 1326 2890 illo
1359 2835 1659 2908 corripiant
1689 2836 2000 2909 opinionem
2031 2837 2202 2891 secuti
2249 2835 2410 2890 Atteii
2456 2834 2749 2909 philologi,
2792 2850 2929 2908 quem

667 2919 796 2974 dicit
826 2918 1019 2974 Festus
1052 2919 1173 2975 363
1220 2920 1523 2974 existimare
1553 2936 1860 2994 cognomen
1905 2920 2035 2976 illud
2084 2920 2312 2975 inditum
2342 2920 2632 2992 Tuditano,
2679 2919 2819 2993 quod
2860 2935 2928 2974 ca·

669 3011 768 3076 put
811 3003 971 3058 tuditi
1017 3004 1071 3059 h.
1119 3020 1167 3058 e.
1214 3003 1406 3059 malleo
1464 3004 1636 3059 simile
1691 3004 1953 3060 habuerit.
2043 3005 2139 3060 sed
2183 3004 2407 3078 egregie
2448 3004 2741 3069 falluntur.
2827 3019 2931 3059 nam

667 3086 946 3143 descendit
991 3088 1133 3143 haud
1188 3087 1348 3143 dubie
1392 3089 1457 3143 ah
1504 3086 1636 3143 urhe
1682 3097 1818 3162 quae
1873 3098 1957 3145 est
2000 3089 2211 3161 Tuder,
2269 3106 2367 3163 pro
2424 3105 2534 3162 quo
2593 3089 2719 3144 olim
2771 3089 2931 3144 dixere

667 3173 846 3229 'l'udes
894 3180 953 3228 ut
998 3171 1168 3228 Gades
1211 3171 1379 3248 (unde
1424 3173 1736 3245 Gaditanus)
1784 3191 1882 3247 pro
1928 3174 2143 3231 Gaddir.

842 3258 937 3315 16.
1006 3263 1285 3329 praetem
1328 3258 1468 3313 idem
1514 3258 1655 3313 haud
1703 3258 1880 3328 duhie,
1930 3260 2082 3315 euius
2129 3260 2331 3315 mentio
2378 3256 2439 3314 lit
2484 3258 2520 3314 1.
2553 3259 2639 3313 Vll
2669 3266 2721 3314 et
2755 3258 2832 3314 xl.
2859 3287 2932 3298 —-

668 3346 1041 3400 exinterandi
1082 3341 1396 3402 vocabulum
1442 3343 1588 3415 quod
1619 3343 1824 3399 Lucilio
1871 3345 2110 3399 restituit
2142 3342 2588 3416 Eyssenhardtius
2621 3343 2774 3417 plane
2803 3342 2931 3416 posi·

668 3437 781 3484 tum
827 3438 887 3483 ut
916 3427 1054 3502 apud
1086 3427 1335 3483 Plautum
1364 3427 1504 3501 epid.
1540 3428 1662 3484 213
1708 3430 2074 3499 expectando
2119 3430 2338 3484 exedor
2367 3431 2542 3484 miser
2571 3437 2744 3501 aeque
2771 3443 2929 3484 exen-

667 3519 843 3569 teror.
904 3543 984 3553 —
1038 3521 1277 3569 ceterum
1323 3514 1580 3569 memoria
1623 3513 1848 3586 dignum
1891 3515 2053 3569 etiam
2098 3515 2150 3568 in
2196 3513 2365 3587 Apicii
2409 3514 2630 3586 optimis
2675 3509 2926 3568 codicibus

666 3596 825 3652 scribi
870 3604 1258 3654 exlenlcrare.

835 3681 935 3739 20.
1022 3682 1107 3736 hic
1162 3682 1366 3738 Nonius
1434 3699 1593 3756 quem
1653 3684 1937 3758 exscripsit
2003 3691 2263 3757 corrupto
2332 3681 2533 3755 duplici
2592 3681 2709 3738 labe
2760 3678 2924 3736 Lucilii

664 3765 952 3839 exemplari
998 3765 1280 3839 deceptum
1326 3785 1446 3823 esse
1489 3777 1737 3842 apparet3
1786 3784 1962 3841 neque
1993 3769 2132 3823 enim
2163 3773 2344 3841 potest
2375 3765 2631 3838 dubitari,
2677 3767 2800 3842 quin
2827 3767 2926 3838 ipse

664 3850 874 3906 dederit
918 3849 1010 3908 ille
1054 3849 1228 3907 metro
1274 3853 1475 3924 pariter
1518 3869 1580 3908 ac
1622 3869 1789 3926 sensu
1834 3869 2023 3908 everso
2070 3860 2130 3909 tu
2176 3854 2398 3926 quidem
2429 3859 2484 3906 et
2513 3854 2685 3925 lar-922
2761 3858 2815 3906 et
2841 3864 2926 3923 pro

667 3936 770 3991 hoc
814 3934 1029 4009 quidem
1074 3935 1444 4008 reponendum
1475 3954 1595 3993 esse
1622 3942 1791 4012 large
1821 3937 1949 3992 olim
1979 3937 2313 3993 intellectum
2345 3944 2448 3993 est.
2507 3943 2747 3992 ceterum
2777 3936 2924 3991 totius

666 4021 987 4094 fragmenti,
1041 4019 1188 4092 quod
1242 4027 1304 4074 ut
1364 4020 1616 4093 pleraque
1675 4022 1861 4078 Lucilii
1914 4020 2154 4077 diverbio
2203 4022 2546 4091 continetur,
2611 4038 2802 4078 sensus
2855 4019 2928 4073 hic

664 4105 876 4161 videtur
934 4104 1133 4175 fuisse,
1193 4112 1251 4159 ut
1307 4103 1522 4176 quidam
1567 4106 1904 4163 in·curando
1956 4122 2133 4180 aegro,
2177 4114 2421 4162 versatus
2475 4105 2712 4162 diceret:
2766 4113 2928 4161 utrum

665 4191 768 4245 hoc
812 4189 871 4261 (i.
918 4207 967 4246 e.
1017 4188 1162 4263 quod
1209 4189 1494 4263 proposuit
1540 4190 1698 4261 alter)
1743 4192 1915 4266 magis
1946 4190 2164 4264 expedit
2208 4207 2373 4264 aegro
2419 4207 2483 4246 an
2530 4189 2680 4263 quod
2722 4191 2768 4246 ei
2809 4203 2929 4262 pane

665 4282 719 4329 et
762 4290 922 4329 carne
966 4274 1268 4330 interdico?
1333 4282 1495 4347 negat
1539 4274 1629 4329 ille
1661 4274 1887 4331 alterum
1934 4292 2092 4332 carne
2124 4277 2361 4349 privasse
2396 4281 2704 4347 aegrotum,
2750 4276 2930 4349 quippe

664 4359 749 4416 cui
793 4359 1004 4416 dederit
1048 4367 1108 4414 ut
1151 4367 1287 4434 puto
1332 4361 1528 4415 hillam
1572 4357 1705 4431 (sive
1747 4360 1925 4433 aptius
1971 4362 2091 4434 quis
2138 4358 2421 4431 invenerit)
2466 4358 2710 4432 largiter.

403 4731 2049 5029 ρξ’-[ἣ
