3267 5075
811 359 1341 425 QUAESTIONUM
1377 360 1940 416 LUCILIANARUM
1977 360 2209 417 LIBER.
2495 368 2661 429 XLV

352 530 696 605 particulae
725 532 801 590 ad
829 531 1095 608 integros
1125 530 1369 590 dessent
1394 550 1692 591 numeros,
1737 530 1823 590 ibi
1842 530 2145 589 interdum
2161 530 2410 589 indicari
2429 531 2666 607 supple-

351 640 585 711 menta,
623 657 776 715 quae
805 638 1210 722 admittendae
1238 643 1381 713 ergo
1411 637 1674 710 elisionis
1703 657 1740 697 a
1774 638 1967 698 vocali
1992 637 2337 712 inciperent,
2379 638 2551 698 facile
2578 639 2665 697 in-

356 744 592 803 dicabit
618 746 864 805 curiosis
893 763 1110 805 arcana
1135 745 1289 804 ratio
1316 744 1560 804 musica.

545 851 675 911 Iam
694 855 961 911 saturam
988 851 1087 912 vel
1113 870 1294 910 unam
1321 850 1619 926 integram
1638 852 1958 912 restituere
1984 871 2104 911 non
2131 852 2300 910 licuit
2326 852 2513 912 nobis,
2556 872 2664 911 nec

354 957 426 1016 id
454 958 692 1018 mirum.
748 958 990 1034 propria
1016 958 1174 1016 enim
1204 956 1427 1015 satirici
1455 958 1732 1017 carminis
1761 941 1931 1032 ratio,
1970 959 2128 1035 quod
2158 958 2380 1018 ordinis
2409 959 2664 1035 legitimi

355 1084 435 1124 ac
454 1085 643 1125 nexus
663 1065 908 1124 nimiam
925 1064 1159 1139 respuit
1184 1065 1583 1139 severitatem,
1613 1085 1689 1123 ne
1707 1038 1778 1123 'id
1805 1066 2116 1143 contingat
2140 1065 2379 1125 videtur
2407 1066 2663 1125 obstare.

354 1172 598 1231 accedit
632 1172 789 1248 quod
817 1171 1033 1230 Lucilii
1069 1171 1332 1230 carmina
1366 1172 1707 1248 argumenti
1743 1174 1813 1231 ut
1838 1172 2034 1231 minus
2067 1172 2373 1249 aliquanto
2400 1173 2665 1233 intlicati

355 1298 436 1339 ac
472 1279 912 1356 digressionum
947 1278 1110 1355 pleni
1137 1277 1542 1352 Varronianis,
1578 1279 1667 1338 ita
1701 1278 1895 1355 magis
1927 1279 2079 1339 varii
2115 1285 2183 1338 ac
2220 1279 2421 1339 diffusi
2458 1281 2664 1357 utique

353 1387 615 1446 fuerunt
642 1385 1004 1446 Horatianis„
1050 1385 1219 1462 atqui
1244 1404 1321 1444 ne
1347 1379 1586 1445 Horatii
1612 1385 1870 1462 quidem,
1900 1386 1953 1445 si
1979 1387 2289 1461 perissent,
2320 1390 2664 1447 saturarum

356 1494 555 1552 ullam
582 1493 876 1570 refingere
901 1511 1214 1569 possemus
1244 1492 1317 1551 de
1346 1492 1699 1554 coniectura.

545 1599 636 1660 Ac
673 1603 875 1660 tamen
919 1601 1015 1662 vel
1054 1601 1137 1659 sic
1172 1602 1458 1675 quantam
1494 1599 1809 1658 fecerimus
1848 1600 2139 1659 iacturam
2175 1600 2391 1658 Lucilii
2442 1601 2662 1661 saturis

357 1708 619 1783 perditis
639 1727 796 1766 nunc
814 1708 1072 1783 primum
1091 1708 1266 1782 plene
1285 1707 1614 1781 apparebit,
1645 1709 1964 1781 postquam
1991 1707 2256 1782 depulsis
2285 1708 2347 1766 in
2373 1711 2664 1783 quantum

356 1818 610 1890 poterat
635 1814 765 1873 fieri
794 1814 1165 1874 saeculorum
1182 1813 1414 1872 iniuriis
1438 1813 1814 1887 recuperavit
1831 1814 2104 1878 habitum
2133 1814 2184 1873 si
2211 1834 2330 1873 non
2356 1815 2665 1891 proprium

357 1921 608 1997 ubique,
647 1925 808 1980 certe
834 1922 962 1997 ipso
991 1940 1110 1980 non
1144 1920 1474 1996 indignum.
1510 1951 1584 1960 —
1627 1939 1768 1979 nam
1794 1939 1915 1996 qua
1950 1940 2061 1997 ego
2090 1922 2435 1998 arrogantia
2461 1925 2664 1981 contu-

356 2029 677 2105 maciaque
705 2048 933 2105 negem,
971 2027 1178 2087 multis
1205 2027 1349 2086 locis
1378 2046 1524 2085 num
1550 2046 1756 2087 veram
1784 2026 2000 2086 Lucilii
2026 2046 2271 2086 manum
2297 2028 2663 2087 restituerim

356 2135 483 2210 ipsi
521 2135 668 2196 mihi
695 2136 885 2195 videri
911 2132 1200 2195 dubium?
1246 2153 1460 2210 nempe
1496 2136 1568 2192 ut
1601 2133 1792 2209 inepti
1829 2134 1945 2193 erit
1980 2134 2234 2194 hominis
2273 2136 2528 2228 credere,
2567 2136 2663 2197 vel

357 2260 523 2317 quae
549 2242 788 2319 integra
814 2241 1190 2317 antiquitatis
1218 2243 1603 2300 monumenta
1639 2240 1783 2298 tulit
1808 2243 1992 2314 aetas,
2031 2260 2204 2317 posse
2233 2243 2471 2302 omnino
2500 2261 2665 2302 revo-

358 2350 492 2408 cari
527 2350 604 2408 ad
643 2350 961 2408 sanitatem
988 2367 1026 2407 a
1052 2348 1254 2407 critico
1290 2348 1387 2408 vel
1426 2347 1823 2423 sagacissimo,
1863 2347 1951 2406 ita
1986 2368 2230 2424 prorsus
2267 2350 2507 2409 hercule
2550 2351 2667 2408 erit

357 2455 563 2515 insani
604 2456 982 2516 dissimulare
1021 2455 1211 2514 multo
1253 2455 1526 2530 pluribus
1569 2453 1760 2513 teneri
1796 2453 2253 2515 difficultatibus
2296 2457 2665 2516 emendanda

358 2565 725 2641 fragmenta,
767 2582 919 2639 quae
954 2582 1073 2622 uno
1109 2563 1375 2622 alterove
1410 2562 1594 2622 verbo
1631 2561 1729 2621 vel
1765 2561 1997 2620 minuta
2022 2564 2119 2623 vel
2156 2567 2334 2623 aucta
2360 2584 2538 2640 saepe
2564 2584 2666 2624 no-

360 2691 508 2732 vam
543 2690 790 2748 prorsus
826 2670 1158 2729 induuntur
1197 2669 1470 2744 speciem.
1526 2668 1717 2727 veluti
1752 2668 1885 2743 quis
1921 2668 2042 2727 iam
2079 2669 2153 2729 de
2179 2669 2357 2747 frgm.
2387 2690 2458 2731 ex
2485 2672 2524 2729 l.
2552 2671 2662 2730 inc.

364 2782 453 2838 39
483 2781 646 2844 recte
675 2780 880 2853 posset
903 2777 1180 2850 iudicare,
1213 2777 1263 2835 si
1292 2776 1417 2835 solo
1445 2777 1607 2834 esset
1634 2777 1938 2835 servatum
1967 2779 2209 2853 stupore
2236 2776 2458 2837 Nonii?

549 2878 667 2943 S'ed
693 2885 757 2942 in
794 2884 1158 2943 emendando
1187 2883 1418 2942 Lucilio
1455 2882 1557 2958 qui
1593 2901 1730 2940 cum
1758 2881 1872 2941 fide
1911 2886 1974 2941 et
2007 2884 2295 2960 religione
2325 2884 2441 2943 erit
2467 2903 2664 2945 versa-

360 2995 484 3065 tus,
541 2991 593 3050 is
639 2990 873 3050 facilius
917 2992 1108 3050 multo
1154 2990 1384 3049 alienae
1429 3008 1609 3065 quam
1655 2989 1930 3064 propriae
1986 2991 2315 3050 satisfaciet
2359 3010 2661 3051 censurae.

363 3101 634 3157 ceterum
672 3097 1049 3158 severissima
1075 3115 1344 3173 quaeque
1381 3099 1453 3154 ut
1486 3095 1917 3170 consuevimuS,
1956 3097 2310 3157 idoneorum·
2339 3099 2515 3158 modo
2543 3099 2666 3157 sint

362 3204 860 3279 existimatorum,
898 3222 1286 3281 provocamus
1321 3203 1555 3262 iudicia.
1619 3203 1781 3262 absit
1792 3193 2017 3263 ‘tamen
2044 3205 2299 3281 ignavia,
2337 3223 2491 3281 quae
2529 3224 2663 3263 cum

360 3311 500 3387 ipsa
533 3312 685 3370 nihil
721 3331 974 3388 magnae
1002 3312 1092 3371 rei
1118 3311 1415 3372 sustineat
1449 3310 1662 3383 moliri,
1702 3328 1818 3385 eos,
1856 3311 1960 3387 qui
1995 3331 2216 3388 magna
2251 3311 2303 3369 si
2337 3330 2458 3370 non
2489 3310 2664 3386 perfi-

361 3419 533 3478 ciunt
559 3421 720 3479 certe
746 3419 1089 3492 instituunt,
1126 3418 1258 3493 ipsa
1296 3418 1358 3478 vi
1393 3417 1643 3476 inertiae
1679 3416 1967 3493 impedire
2003 3418 2243 3495 nititur3
2286 3418 2448 3477 absit
2482 3419 2664 3477 etiam

362 3525 760 3599 immodestia,
789 3526 901 3601 cui,
929 3545 1082 3602 quae
1109 3525 1258 3599 aliis,
1287 3523 1592 3582 meditatis
1627 3543 1738 3600 per
1773 3525 1995 3585 multos
2023 3545 2224 3599 annos,
2263 3544 2499 3602 semper
2535 3526 2665 3585 visa

362 3635 510 3692 sunt
526 3632 964 3706 obscurissima,
995 3651 1066 3690 ea
1083 3632 1274 3708 primo
1302 3631 1428 3689 fere
1456 3633 1676 3706 optutu
1701 3631 1908 3706 pervia
1932 3632 2215 3692 videntur
2231 3635 2304 3712 *et
2329 3636 2554 3708 aperta.
2582 3663 2655 3672 -

364 3740 471 3799 sed
498 3739 620 3800 iam
649 3739 815 3799 satis,
851 3769 925 3778 —
959 3735 1068 3798 nos
1097 3738 1148 3797 si
1176 3758 1294 3798 non
1322 3737 1499 3797 nimis
1529 3757 1567 3796 a
1591 3737 1829 3797 Dousae
1858 3741 1922 3797 et
1947 3737 2234 3816 Scaligeri
2266 3740 2536 3815 exemplo
2565 3740 2664 3798 de-

361 3864 685 3921 generasse
714 3846 937 3904 iudices
965 3845 1365 3904 existimarint
1390 3845 1532 3921 apti,
1561 3863 1778 3921 operae
1796 3846 2057 3920 pretium
2074 3847 2286 3906 fecisse
2305 3846 2660 3906 videbimur.
