3267 5075
973 399 1139 457 SUEI
1175 399 1567 457 CARMINUM
1601 400 1991 467 RELIQUAE.
2502 394 2633 462 313

1448 564 1515 629 H

517 677 650 761 ubil
671 680 746 742 tu
790 699 1196 766 nequaquam
1241 679 1508 745 cubares
1555 679 1828 765 aspriter
1877 733 1918 743 ..
1940 732 1978 743 -
2001 725 2038 745 ι.
2058 734 2097 743 -

1428 792 1529 858 HI

516 957 835 979 ......
881 930 1093 974 escam
1140 929 1212 974 ec
1255 910 1392 974 iure
1435 909 1507 974 in
1552 931 1624 974 os
1670 909 1846 992 pullo
1892 910 2044 976 dato

516 1022 763 1105 flauas,
810 1023 1002 1091 simul
1047 1024 1384 1089 assulatim
1428 1023 1641 1090 viscus
1688 1024 1969 1093 adsumit
2013 1025 2247 1092 cibum.

1018 1235 1142 1303 EX
1183 1180 1466 1304 LIBRIS
1510 1234 1935 1305 INCERTIS.

1452 1380 1503 1445 .I

515 1495 746 1563 frunda
790 1516 863 1560 ec
907 1494 1161 1561 fritinni
1205 1495 1487 1561 suaviter
1536 1549 1578 1560 ..
1602 1548 1641 1559 ..
1664 1538 1702 1560 υ
1722 1548 1765 1561 .-

1444 1609 1512 1677 Π
1547 1618 1556 1631 .

763 1726 858 1793 ita
901 1714 1287 1812 tradedeque
1331 1726 1404 1792 in
1445 1749 1515 1793 re
1559 1748 1769 1813 neque
1812 1728 1885 1793 in

512 1841 820 1908 iudicium
865 1839 1107 1928 Aesopi
1149 1864 1270 1909 nec
1312 1841 1553 1910 theatri
1595 1843 1876 1910 trittileS.

1334 2037 1629 2107 DUBIA.

1463 2182 1497 2247 Ι

763 2298 1003 2365 interse
1049 2298 1435 2384 degularunt
1479 2298 1714 2365 omnia.

338 2485 522 2552 inepte
560 2484 790 2537 rescribi
822 2499 983 2551 posse
1017 2483 1253 2534 idullis
1289 2484 1325 2534 i.
1349 2498 1394 2536 e.
1431 2483 1699 2549 idylliis
1734 2483 1847 2536 dixi
1884 2502 1952 2537 m.
1986 2483 2088 2536 Rh.
2112 2484 2356 2549 XXIIII,
2381 2485 2522 2550 554).

337 2556 394 2606 11
449 2554 592 2604 Non.
629 2556 745 2614 513,
781 2555 845 2603 21
895 2553 1194 2618 aspriter
1231 2551 1334 2617 (ita
1369 2552 1452 2614 M;
1492 2554 1767 2618 ‘aspiter
1800 2554 1846 2603 L
1887 2556 1933 2617 1,
1974 2554 2017 2603 L
2055 2556 2116 2604 2:
2161 2555 2492 2619 aspiciter
2529 2554 2627 2605 sed

337 2621 527 2672 deletis
564 2622 716 2672 cim.
755 2623 782 2670 1
809 2618 894 2686 G).
978 2620 1218 2671 Sueius
1258 2619 1520 2685 (Sueius
1565 2620 1648 2682 M,
1695 2622 1903 2673 Veius
1939 2618 2076 2685 cdd.)
2114 2620 2280 2686 pullis
2317 2621 2423 2685 (sie
2458 2621 2657 2686 docti,'

339 2690 518 2755 pulis
557 2689 719 2749 cdd.).
766 2713 833 2722 —
877 2688 1006 2738 hinc
1049 2689 1361 2739 adverbium
1402 2688 1712 2753 ‘asperiter’
1748 2689 1919 2739 adfert
1958 2689 2273 2739 Priscianus
2310 2692 2456 2740 1010.

340 2757 424 2809 III
473 2756 616 2807 Non.
656 2759 737 2818 72,
771 2758 837 2806 21
873 2756 1227 2807 assulatim
1263 2762 1325 2807 ut
1359 2757 1688 2806 minutatim.
1756 2755 1988 2808 Plautus
2022 2782 2088 2792 --
2125 2755 2371 2808 Sueius
2411 2757 2513 2819 (ita
2548 2756 2623 2820 M,

338 2825 577 2875 vaeius
615 2821 760 2886 cdd.)
797 2823 980 2888 pullis.

475 2893 502 2941 1
559 2892 737 2941 Varro
763 2891 814 2940 d.
840 2890 877 2940 1.
903 2892 949 2941 L
985 2891 1107 2955 VII,
1145 2894 1242 2943 103
1277 2890 1450 2942 multa
1485 2892 1553 2941 ab
1588 2890 1904 2941 animalium
1937 2892 2164 2942 vocibus
2203 2890 2404 2942 tralata
2437 2892 2495 2941 in
2530 2891 2628 2941 ho-

339 2959 499 3011 minis
535 2986 602 2995 —
639 2959 927 3024 perspicua
961 2964 1024 3009 ut
1048 2986 1113 2994 —
1138 2960 1314 3010 minus
1353 2964 1543 3024 aperta
1567 2964 1631 3009 ut
1668 2984 1730 2995 —
1768 2957 1921 3009 Suei
1956 2975 1989 3009 a
2027 2958 2127 3023 (ita
2150 2958 2208 3009 M
2245 2962 2444 3010 sueta
2480 2957 2625 3023 cdd.)

339 3044 373 3077 a
411 3027 655 3077 frendice
693 3025 803 3089 (ab
838 3026 1150 3076 irundine
1186 3026 1374 3090 Scal.).
1511 3027 1566 3076 ΙΙ
1623 3027 1801 3076 Varro
1839 3026 1888 3076 d.
1925 3027 1960 3076 1.
1997 3028 2120 3077 Lat.
2160 3026 2286 3088 VII,
2316 3028 2412 3077 104
2446 3027 2625 3078 minus

341 3099 530 3160 aperta
566 3094 658 3158 (ab
695 3092 1011 3145 animalium
1046 3095 1276 3145 vocibus
1311 3092 1512 3144 tralata
1545 3094 1605 3143 ln
1628 3092 1894 3161 homines)
1929 3100 1993 3144 ut
2027 3121 2091 3129 —
2129 3093 2289 3145 Suei
2328 3110 2362 3143 a
2400 3094 2627 3146 colubra

340 3161 444 3226 (ita
480 3162 865 3224 Baehrensius,
904 3176 1056 3212 sues
1092 3162 1448 3214 avoluerat
1482 3159 1673 3224 Flor.).

472 3230 502 3279 I
561 3228 846 3279 Charisius
878 3231 946 3281 80
980 3228 1196 3293 gulam
1233 3236 1297 3280 ut
1333 3228 1505 3280 Iulius
1531 3229 1816 3280 Modestus
1849 3229 1930 3279 ait
1963 3244 2061 3295 per
2096 3246 2133 3279 u
2169 3229 2481 3291 scribemus,
2516 3245 2626 3280 non

339 3312 433 3362 per
466 3313 530 3362 y,
583 3311 721 3363 quae
768 3295 988 3347 Graecis
1032 3296 1320 3347 vocabulis
1364 3297 1669 3349 necessaria
1714 3301 1797 3348 est
1840 3301 1897 3348 et
1942 3312 2107 3362 saepe
2151 3298 2209 3347 in
2244 3311 2282 3345 u
2325 3297 2531 3347 transit
2565 3302 2625 3347 ut

341 3380 603 3428 suemus
629 3365 818 3429 (supra
842 3379 945 3415 scr.
972 3365 1275 3425 succius)
1303 3366 1382 3414 ait
1405 3365 1463 3414 in
1488 3364 1631 3415 nudo
1663 3362 1826 3427 (corr.
1852 3364 1911 3414 in
1933 3363 2139 3425 Micio)
2165 3361 2406 3414 ‘interse’
2430 3379 2477 3414 e.
2503 3380 2553 3430 q.
2580 3381 2624 3416 s.

336 3459 404 3470 -·
436 3433 519 3483 ita
554 3437 817 3497 excerpta
847 3431 1188 3494 Cauchiana3
1228 3438 1288 3482 at
1322 3432 1724 3496 Neapolitanus
1760 3437 1831 3482 ut
1866 3432 2200 3482 insuemur
2234 3432 2332 3481 ait
2365 3430 2432 3482 in
2468 3447 2625 3483 nuro.

337 3515 471 3552 sane
506 3499 658 3549 facili
693 3499 1007 3550 coniectura
1040 3499 1168 3549 licet
1202 3500 1415 3551 restitui
1461 3499 1726 3561 Sueius3
1772 3504 1828 3549 et
1871 3496 2166 3549 ‘Suecium'
2214 3497 2344 3548 olim
2378 3504 2625 3564 reposuit

336 3567 652 3620 Putschius.
730 3572 787 3618 et
823 3571 1020 3632 poetae
1064 3566 1275 3633 quidem
1318 3567 1675 3632 fragmentum
1719 3581 1839 3618 esse
1883 3565 2026 3632 quod
2068 3581 2235 3632 supra
2279 3568 2438 3631 posui
2481 3568 2624 3619 satis

340 3639 585 3698 constat;
629 3650 758 3684 nam
786 3638 976 3700 aperte
1011 3649 1199 3685 versus
1233 3635 1457 3685 iambici
1482 3650 1579 3686 seu
1603 3634 1866 3685 trochaici
1895 3634 2064 3686 habes
2098 3635 2327 3696 exitum3
2364 3634 2462 3686 sed
2485 3635 2626 3685 idem

337 3708 561 3755 rectene
585 3718 657 3753 an
681 3716 837 3753 secus
873 3702 1148 3754 tribuatur
1170 3700 1331 3753 Sueio
1366 3718 1476 3753 non
1510 3703 1688 3752 ausim
1717 3700 1949 3753 definire.
2007 3717 2131 3752 nam
2163 3717 2232 3753 ne
2268 3701 2374 3752 hoc
2409 3702 2627 3768 quidem

336 3770 723 3837 probabilitate
758 3785 861 3821 sua
896 3775 1046 3821 caret
1082 3770 1223 3837 quod
1244 3770 1317 3821 M.
1346 3770 1605 3821 Hertzius
1642 3770 1899 3821 insistens
1922 3768 2051 3821 libri
2073 3769 2425 3836 Neapolitani
2459 3771 2626 3823 vesti-

508 3967 545 4024 2
592 3983 981 4041 nequamquam
1025 3968 1072 4024 L
1121 3967 1175 4025 1.
1228 3998 1310 4009 -
1370 3965 1565 4023 cubare
1608 3967 1657 4023 L
1700 3964 1758 4021 2.
1814 3994 1904 4009 —
1954 3966 2185 4040 aspriter
2238 3966 2329 4038 M,
2389 3967 2516 4023 cdd.
2563 3973 2625 4024 ut

334 4069 520 4124 supra
566 4055 624 4108 in
666 4054 946 4108 lemmate.
1084 4051 1122 4109 3
1169 4068 1231 4109 ec
1273 4052 1358 4124 M,
1402 4051 1492 4108 hic
1535 4069 1584 4108 v.
1633 4080 1718 4091 -—
1761 4067 1823 4107 os
1868 4051 1985 4124 Me,
2031 4067 2130 4124 ops
2173 4052 2325 4109 libri.
2369 4080 2455 4094 —-
2498 4050 2623 4107 dato

338 4135 447 4208 (vel
489 4135 635 4207 date)
680 4134 882 4208 fitillas,
928 4135 1089 4193 simul
1131 4137 1226 4210 M,
1272 4135 1649 4196 daadscintille
1691 4135 1853 4193 simul
1895 4138 2120 4209 scripti.
2305 4133 2347 4192 4
2389 4136 2468 4192 vis
2512 4136 2622 4191 aias

337 4223 504 4280 sumit
548 4223 718 4293 idem,
762 4221 941 4278 viscus
985 4223 1210 4278 assumit
1252 4222 1333 4279 M.

508 4307 541 4363 1
590 4322 656 4363 ec
682 4306 768 4378 M,
812 4313 869 4364 et
895 4309 1118 4380 scripti.
1163 4336 1249 4349 --
1291 4305 1500 4362 fritinni
1536 4304 1600 4363 0.
1631 4305 1973 4379 MuelleruS,
2018 4303 2244 4361 frutinni
2271 4304 2408 4363 libri
2417 4328 2436 4369 ,-
2475 4306 2623 4377 fort.

335 4390 594 4449 fritinuiS.
771 4389 807 4449 2
851 4392 1013 4448 locus
1057 4397 1371 4465 corruptus
1383 4414 1402 4456 ;
1444 4406 1595 4466 quae
1632 4391 1938 4465 protulere
1980 4391 2135 4448 docti
2172 4404 2370 4449 merae
2414 4405 2622 4466 nuqae.
