3267 5075
1120 368 1353 426 FALSO
1392 369 1818 426 ADSCRIPTA.
2484 368 2608 434 169

1345 533 1595 599 XXVII

748 643 830 688 ne
878 621 1158 687 oblimet.
1638 647 1649 651 ·

1323 728 1605 795 XXVIII

500 830 722 899 Cicero
769 838 927 900 orat.
974 836 1081 920 48,
1130 836 1284 901 161:
1330 837 1425 901 ita
1468 837 1641 901 enim
1685 837 2106 922 loquebamur
2154 837 2288 922 ‘qui
2333 841 2432 902 est
2478 860 2610 903 om-

322 947 514 1025 nibu'=
542 949 885 1034 princeps',
929 972 1064 1015 non
1111 951 1433 1016 ‘omnibus
1478 952 1821 1035 princeps'.
1879 988 1962 997 —
2021 952 2285 1017 extitere
2332 954 2442 1038 qui
2485 952 2610 1018 Lu-

326 1062 451 1126 cilii
504 1063 666 1129 haec
719 1086 857 1130 esse
913 1066 1221 1155 dicerent,
1277 1066 1387 1133 sed
1444 1070 1597 1133 sunt
1648 1066 1875 1154 Ennii3
1932 1066 2008 1134 cf.
2062 1065 2250 1133 Vahl.
2305 1068 2385 1131 ad
2440 1067 2612 1134 Enn.

305 1199 471 1255 ,ann
520 1179 624 1257 68.

1356 1271 1570 1337 XXIX
1872 1350 1879 1359 .

365 1375 454 1440 20
756 1460 767 1470 ο
1309 1376 1602 1465 Sisyphu’
1654 1383 1869 1446 versat

500 1512 728 1558 saxum
774 1491 1011 1559 sudans
1056 1493 1321 1561 nitendo
1367 1516 1574 1579 neque
1618 1497 1875 1581 proficit
1918 1496 2139 1563 hilum.

1173 1607 1356 1674 XXX
1405 1611 1551 1692 [inc.
1604 1613 1757 1694 181]

502 1715 805 1800 displiceo
851 1714 1010 1781 mihi
1053 1737 1173 1783 nec
1220 1716 1356 1782 sine
1404 1740 1656 1786 summo
1704 1720 1912 1787 scribo
1959 1721 2194 1786 dolore.

322 1877 372 1928 si
407 1880 463 1925 te
496 1880 716 1940 pectore
761 1881 922 1927 vates
969 1874 1276 1942 accipiam'3
1330 1877 1397 1927 cf.
1431 1878 1480 1927 d.
1518 1895 1557 1928 r.
1597 1895 1664 1930 m.
1702 1884 1784 1933 66.
1991 1879 2201 1930 XXVII
2256 1877 2496 1942 Philarg.
2540 1875 2610 1928 ad

322 1957 511 2008 georg.
549 1943 687 2004 1111,
739 1945 830 1994 136
877 1943 1118 1993 oblimet.
1188 1946 1474 1996 Lucretius
1522 1946 1626 2008 (ita
1673 1944 1861 2013 codex)
1907 1964 2003 2014 pro
2041 1948 2287 2008 obturet,
2332 1945 2606 1998 obcludat.

322 2037 388 2047 —
423 2011 557 2061 haec
582 2011 797 2061 Lucilio
822 2011 1036 2077 quidam
1060 2011 1334 2074 addidere3
1371 2013 1440 2063 ad
1472 2012 1725 2065 lacunam
1750 2016 1827 2067 V1
1851 2015 1888 2069 1.
1916 2017 2076 2066 Lucr.
2110 2014 2408 2065 revocabat
2432 2013 2611 2063 Lach-

322 2093 555 2129 mannus
589 2093 775 2129 comm.
815 2093 904 2144 pg.
929 2081 1044 2131 399.
1092 2080 1363 2130 enimvero
1398 2087 1454 2130 et
1486 2081 1631 2135 hunc
1666 2087 1723 2133 et
1743 2075 1875 2135 illos‘
1907 2082 2031 2133 falli
2052 2098 2122 2147 ap
2160 2087 2294 2132 aret.
2351 2096 2474 2131 nam
2499 2080 2610 2133 ista

323 2162 396 2196 ne
432 2146 712 2198 oblimet
756 2162 867 2197 non
901 2147 1107 2198 Lucilii
1153 2153 1251 2198 aut
1288 2149 1554 2211 Lucretii,
1600 2149 1693 2200 sed
1727 2150 1902 2217 ipsius
1941 2155 2066 2202 sunt
2109 2099 2356 2214 &ergilii
2427 2149 2611 2215 itaque

321 2214 572 2264 Lucretii
606 2213 805 2264 mentio
843 2215 951 2264 nisi
986 2220 1111 2265 orta
1145 2220 1228 2266 est
1263 2216 1419 2280 glosa
1451 2217 1745 2281 marginali
1780 2234 1813 2268 a
1849 2219 2053 2268 lectore
2080 2217 2253 2268 Servii
2277 2217 2496 2266 memori
2519 2215 2612 2266 ad-

322 2283 461 2344 dita,
516 2281 769 2332 excidere
821 2281 968 2335 haud
1018 2281 1177 2333 dubie
1222 2283 1487 2348 quaedam
1534 2291 1661 2352 post
1703 2286 1840 2337 illud
1874 2286 2242 2337 Lucretius
2286 2286 2401 2335 sive
2448 2290 2607 2346 ante;

322 2363 459 2415 quae
493 2349 680 2414 qualia
712 2348 916 2399 fuerint
949 2349 1105 2400 docet
1139 2348 1377 2414 Servius,
1417 2352 1510 2417 qui
1545 2352 1613 2402 ad
1647 2353 1793 2404 hunc
1838 2354 2014 2417 ipsum
2049 2349 2226 2403 locum
2261 2352 2393 2401 haec
2427 2355 2608 2401 notat:

323 2418 464 2468 bene
502 2432 611 2467 rem
646 2422 861 2482 turpem
895 2422 1079 2483 aperte
1117 2434 1150 2468 a
1187 2420 1443 2469 Lucretio
1480 2424 1771 2470 tractatam
1809 2418 2155 2487 (fine1.1111)
2194 2419 2396 2469 vitavit
2431 2423 2610 2469 trans-

320 2484 641 2539 lationibus.
747 2484 928 2534 XXlX
980 2484 1093 2538 Cic.
1128 2485 1285 2538 Tusc.
1323 2487 1364 2549 1,
1401 2489 1451 2549 5,
1488 2490 1552 2538 10
1589 2488 1695 2551 dic,
1734 2504 1970 2554 quaeso:
2009 2504 2135 2539 num
2173 2493 2227 2539 te
2260 2486 2356 2537 illa
2392 2492 2610 2549 terrent,

321 2553 525 2618 triceps
576 2554 719 2618 apud
769 2554 976 2604 inferos
1030 2553 1322 2618 Cerberus,
1384 2554 1576 2620 Cocyti
1629 2557 1902 2620 fremitus,
1953 2558 2223 2609 travectio
2270 2549 2611 2617 Acheruntia,

324 2625 528 2670 ‘mento
564 2635 820 2671 summam
856 2637 1051 2687 aquam
1086 2623 1364 2687 attingens
1402 2629 1629 2674 enectus
1676 2625 1771 2674 siti
1806 2623 2090 2675 Tantalus’
2130 2630 2242 2674 tum
2279 2622 2412 2673 illud
2450 2623 2607 2688 quod.

321 2714 388 2725 —-
423 2688 563 2739 Non.
603 2690 717 2750 121,
753 2692 783 2738 3
835 2688 1040 2738 hilum
1074 2690 1241 2742 breve
1278 2690 1559 2755 quoddam.
1640 2691 1948 2744 Lucilius
1994 2692 2085 2742 lib.
2122 2691 2278 2742 XXX
2312 2716 2379 2727 -
2415 2690 2610 2742 Cicero

321 2756 754 2807 Tusculanarum
788 2755 880 2806 lib.
915 2756 942 2805 Ι
976 2760 1093 2807 tum
1127 2757 1261 2808 illud
1298 2775 1345 2810 e.
1382 2774 1433 2824 q.
1449 2773 1502 2808 es.
1538 2784 1605 2794 —-
1641 2759 1784 2810 idem
1807 2762 1925 2823 353,
1953 2761 1984 2809 6
2019 2760 2123 2811 niti
2160 2764 2246 2810 est
2283 2759 2470 2809 conari
2507 2758 2609 2808 sub

324 2839 503 2874 onere.
575 2822 846 2888 Vergilius
882 2850 948 2859 —
985 2824 1174 2875 Cicero
1216 2825 1651 2876 Tusculanarum
1696 2826 1789 2877 lib.
1838 2827 1895 2876 11
1929 2831 2044 2877 tum
2085 2826 2223 2878 illud
2266 2842 2311 2876 e.
2360 2843 2412 2892 q.
2453 2841 2496 2875 s.
2544 2851 2610 2861 —

322 2891 454 2944 haec
489 2890 706 2942 Lucilio
741 2892 936 2944 tribuit
966 2892 1199 2943 Iacobus
1238 2893 1683 2959 Becketuswhil.
1719 2894 1793 2956 11,
1831 2897 1896 2946 37
1913 2911 1927 2956 3
1962 2899 2018 2945 et
2053 2910 2181 2945 sane
2217 2893 2409 2946 similis
2445 2893 2610 2944 hexa-

325 2960 482 3009 metri
518 2957 702 3009 exitus
747 2957 921 3023 (modo
959 2958 1071 3009 sint
1106 2959 1205 3009 illa
1244 2976 1382 3025 quae
1421 2977 1586 3026 supra
1620 2962 1781 3026 posui
1803 2957 2118 3026 dactylical)
2157 2961 2435 3013 invenitur
2469 2961 2609 3011 libro

322 3025 479 3075 XXX
516 3042 639 3090 quo
679 3033 790 3076 tus
825 3031 939 3077 tua
975 3026 1226 3089 laudes,
1263 3024 1530 3093 culpes?
1563 3045 1694 3080 non
1729 3029 2015 3094 proficis
2051 3029 2269 3082 hilum.
2324 3029 2480 3080 cuius
2505 3043 2610 3078 me-

321 3109 437 3143 mor
472 3092 578 3143 fuit
611 3093 721 3145 loci
753 3093 1039 3145 Beckerus.
1107 3095 1324 3146 accedit
1368 3095 1510 3161 quod
1554 3097 1587 3150 l.
1626 3097 1709 3147 111
1757 3102 2080 3147 memoratur
2123 3113 2157 3146 a
2193 3094 2409 3147 Lucilio
2445 3097 2609 3146 Tan-

323 3160 483 3210 talu'
521 3162 629 3227 qui
674 3175 918 3226 poenas
955 3161 1033 3211 ob
1069 3161 1255 3212 facta
1292 3162 1602 3213 nefantia
1648 3163 1895 3229 pendit.
1965 3164 2057 3214 sed
2092 3169 2155 3214 ut
2189 3164 2321 3214 baec
2354 3165 2478 3214 ioco
2516 3179 2609 3227 po-

323 3229 433 3281 tius
471 3245 631 3294 quam
673 3230 819 3280 serio
863 3229 1008 3280 fuere
1044 3230 1196 3281 dicta
1230 3230 1302 3280 ab
1336 3245 1425 3294 eo,
1470 3232 1552 3282 ita
1587 3232 1924 3297 probabilius
1958 3236 2229 3282 statuetur
2261 3236 2479 3295 sumpta
2512 3231 2612 3281 illa

324 3311 432 3346 non
475 3297 654 3346 minus
703 3312 861 3361 quam
906 3297 1280 3362 praecedentia
1334 3298 1398 3348 de
1440 3304 1603 3363 poeta
1652 3299 1836 3364 aliquo
1882 3299 2119 3365 trag-iem
2174 3299 2231 3348 hi
2274 3299 2413 3348 enim
2469 3299 2609 3348 serio

322 3364 537 3427 mythos
571 3362 698 3414 illos
743 3380 878 3430 quos
924 3370 1195 3416 exornant
1231 3366 1560 3418 carminibus
1596 3366 1835 3432 propriis
1879 3368 2019 3418 tueri
2062 3365 2415 3417 existimandi
2450 3370 2609 3416 erant

325 3431 594 3493 Ciceroni,
629 3446 739 3481 non
777 3431 1023 3482 Lucilius
1075 3433 1169 3497 qui
1211 3447 1312 3483 nec
1362 3433 1445 3483 dis
1492 3435 1732 3500 pepercit
1773 3449 1876 3484 nec
1918 3434 2240 3485 hominibus.
2285 3460 2350 3468 -
2400 3433 2609 3484 accedit

326 3500 465 3563 quod
501 3514 692 3549 versus
728 3498 866 3549 alter
912 3505 972 3550 ut
1017 3516 1125 3550 non
1168 3500 1422 3565 indignus
1468 3502 1686 3553 omnino
1732 3500 1946 3552 Lucilio
1992 3502 2070 3551 ita
2114 3500 2281 3551 durus
2328 3499 2611 3551 admodum

323 3573 406 3617 est
439 3573 494 3616 et
528 3565 760 3631 exempli
796 3567 1028 3632 pessimi.
1088 3583 1186 3618 nec
1221 3569 1362 3617 enim
1398 3574 1549 3620 recte
1585 3585 1674 3634 ap.
1710 3569 1870 3619 Lucr.
1897 3570 1987 3631 VI,
2021 3571 2148 3619 1199
2185 3568 2404 3633 scripsit
2427 3568 2608 3618 Lach-

324 3649 557 3685 mannus
611 3649 887 3699 quorum
941 3635 1158 3699 siquis
1209 3637 1320 3686 vix
1371 3637 1636 3688 vitarat
1689 3636 1923 3687 funera
1972 3636 2112 3686 leti.
2194 3651 2332 3702 quae
2370 3652 2490 3687 cum
2526 3637 2608 3687 ita

325 3702 451 3765 sint,
484 3702 651 3752 verba
683 3700 781 3752 ina
817 3703 1001 3768 potius
1036 3704 1355 3768 anapaestis
1390 3707 1470 3754 ita
1505 3710 1637 3757 sunt
1672 3703 2032 3769 dispescendi:
2398 3715 2405 3722 ·

865 3795 954 3847 Sis
991 3785 1117 3862 phu'
1150 3802 1335 3849 versat
1372 3795 1561 3852 saxum
1596 3797 1798 3849 sudans

862 3864 920 3914 ni
979 3864 1085 3915 ndo
1120 3880 1296 3930 neque
1332 3863 1548 3931 proficit
1582 3865 1769 3916 hilum.

324 3959 527 4038 numeri
556 3955 804 4008 'secundi
853 3973 1069 4021 versus,
1123 3960 1218 4024 qui
1263 3963 1387 4024 apte
1440 3960 1745 4024 depingunt
1794 3959 2037 4011 laborem
2089 3943 2314 4027 Sisyphi
2357 3966 2422 4011 ut
2466 3959 2609 4026 apud

325 4025 584 4077 numum·
861 4093 1011 4145 Iovis
1046 4109 1222 4144 aram
1259 4095 1525 4159 sanguine
1559 4096 1788 4161 turpari.

865 4162 1029 4212 tectis
1066 4176 1139 4212 ca
1151 4160 1254 4211 ela
1265 4163 1318 4212 ti
1330 4179 1356 4213 s
1390 4162 1677 4228 laqueatis.

327 4251 380 4295 et
414 4245 614 4295 similia
648 4243 808 4308 alibi3
854 4261 1178 4311 quamquam
1215 4249 1396 4312 potuit
1438 4246 1559 4298 fieri
1602 4254 1667 4299 ut
1710 4248 1967 4298 memoria
2012 4248 2199 4313 lapsus
2248 4246 2439 4298 Cicero
2478 4248 2605 4298 scri-

327 4313 476 4362 beret
507 4312 782 4363 nitendo
827 4329 1034 4379 neque
1081 4330 1177 4380 pro
1227 4331 1441 4382 neque
1491 4315 1782 4370 nitendo.
1954 4315 2108 4365 XXX
2162 4313 2353 4365 Cicero
2389 4314 2457 4364 ad
2492 4314 2605 4365 Att.

327 4381 396 4444 11,
435 4384 498 4433 18
544 4380 643 4433 sed
685 4380 751 4431 de
794 4382 1071 4447 republica
1115 4398 1224 4434 non
1267 4384 1405 4434 libet
1454 4383 1612 4449 plura
1658 4384 1908 4436 scribere.
1986 4381 2244 4448 displiceo
2279 4396 2324 4433 e.
2363 4399 2411 4447 q.
2449 4398 2494 4434 s.
2543 4410 2604 4421 -·
