3267 5075
1195 385 1295 442 EX
1332 387 1568 442 LIBRIS
1605 387 1686 442 IN
1690 386 1964 442 CERTIS.
2592 385 2718 450 153

1372 548 1547 615 cxv
1592 551 1778 631 [138]

612 658 828 724 scinde
874 658 1081 722 calam
1125 658 1201 721 ut
1244 657 1454 722 calcas
1513 704 2098 726 υυυυυυυυυυ

1467 770 1677 836 CXVI
2362 816 2369 829 ,

557 877 568 881 ’
608 888 865 954 Servius
905 888 986 952 ad
1023 910 1160 952 aen.
1196 887 1373 972 VIII,
1411 888 1478 952 9:
1524 885 1866 951 Diomedes
1911 889 2255 971 postquam
2300 867 2579 972 repperit
2621 888 2721 953 ira

428 1004 698 1070 Veneris
729 1027 768 1068 a
797 1026 864 1068 se
891 1005 1261 1068 vulneratae
1289 1001 1689 1087 (add.‚Paris.
1721 1003 1891 1067 7929
1921 1006 2318 1068 revertens
2357 1003 2444 1068 de
2471 1003 2719 1088 Troia,

428 1104 555 1184 om.
600 1119 1077 1204 Regin.·1674;
1125 1141 1201 1182 ea
1243 1119 1441 1183 verba
1487 1120 1599 1181 aut
1645 1118 1862 1201 spuria
1908 1139 2045 1182 esse
2093 1119 2388 1184 existimo
2436 1121 2548 1183 aut
2592 1120 2718 1184 col-

424 1234 701 1300 locanda
762 1238 914 1317 post
974 1235 1316 1318 repperit
1380 1234 1511 1297 sive
1583 1231 2026 1317 Diomedes)
2099 1255 2363 1298 uxorem
2427 1232 2597 1317 (add.
2662 1255 2719 1298 v.

426 1349 900 1435 Aegialeam,
947 1371 1070 1413 om.
1106 1348 1249 1413 Par.
1286 1347 1472 1434 Reg.)
1519 1348 1690 1432 apud
1735 1346 1948 1433 Argos
1994 1370 2139 1413 cum
2177 1347 2499 1414 Cillabaro
2545 1347 2718 1433 (Cil-

424 1466 697 1530 larabo
751 1462 925 1549 Par.)
987 1469 1061 1528 ut
1113 1464 1454 1529 Lucilius
1510 1465 1610 1528 vel
1667 1461 1934 1528 Cometa
1985 1467 2060 1526 ut
2111 1465 2398 1549 plerique
2454 1464 2721 1529 tradunt

425 1580 636 1666 (cum
682 1579 752 1645 C.
798 1603 858 1657 u.
904 1580 972 1645 L.
1017 1603 1075 1646 v.
1123 1579 1191 1646 Ο.
1237 1603 1298 1645 u.
1342 1603 1403 1664 p.
1449 1581 1494 1644 t.
1542 1601 1666 1643 om.
1712 1577 1966 1664 Regin.)
2011 1581 2283 1664 turpiter
2328 1581 2557 1645 vivere.
2634 1621 2645 1629 —

1336 1693 1576 1761 CXVII
1622 1694 1806 1776 [144]

610 1810 868 1876 Servius
915 1754 996 1876 ad
1043 1834 1178 1876 aen.
1224 1809 1309 1895 X,
1360 1811 1487 1876 184
1552 1813 1626 1874 et
1670 1808 1904 1894 Pyrgi
1956 1813 2280 1876 veteres:
2325 1811 2450 1877 hoc
2495 1812 2719 1877 castel-

425 1928 563 1991 lum
611 1926 1083 1991 nobilissimum
1129 1926 1253 1990 fuit
1297 1948 1374 1990 eo
1419 1929 1707 2009 tempore
1754 1947 1879 2009 quo
1927 1924 2119 1991 Tusci
2161 1927 2500 2010 piraticam
2547 1950 2719 1991 exer-

426 2045 717 2107 cuerunt.
807 2064 961 2105 nam
1005 2042 1136 2106 illic
1182 2042 1554 2124 metropolis
1600 2041 1740 2104 fuit.
1788 2079 1872 2087 —
1927 2041 2058 2106 iam
2105 2041 2322 2107 addita
2365 2043 2531 2107 libro
2576 2041 2721 2107 Par.

433 2158 607 2222 7929
654 2157 839 2221 haec:
888 2156 1058 2242 quod
1102 2159 1329 2240 postea
1373 2159 1812 2242 expugnatum
1857 2179 1896 2220 a
1940 2155 2254 2240 Dionysio
2299 2160 2577 2241 tyranno
2625 2156 2720 2222 Si-

429 2273 615 2337 ciliae
662 2272 924 2350 dicitur;
971 2272 1049 2336 de
1096 2293 1223 2357 quo
1270 2270 1453 2357 (qua
1497 2270 1620 2358 cd.)
1667 2271 2036 2337 Lucilius:
2087 2275 2343 2337 scorta
2387 2271 2720 2358 Pyrgen-

428 2389 545 2453 sia
591 2386 712 2472 (ita
757 2388 870 2471 cd„
915 2411 1050 2452 non
1084 2387 1532 2473 Pyrgentia3
1579 2389 1860 2451 ceterum
1907 2388 2009 2452 cui
2054 2388 2313 2452 libuerit
2346 2364 2605 2471 poterit*
2630 2388 2721 2452 fa-

427 2504 549 2570 cile
593 2503 951 2568 hexametri
995 2504 1192 2569 finem
1238 2503 1488 2569 efficere
1534 2503 1651 2569 sic:
1697 2501 2121 2589 Pyrgensia
2167 2502 2472 2588 scorta).

1320 2618 1594 2685 CXVIII
1639 2619 1824 2700 [112]

612 2732 876 2800 Servius
908 2734 1017 2799 ad
1026 2757 1164 2799 aen.
1201 2733 1278 2818 X,
1315 2734 1445 2800 532
1492 2735 1751 2820 gnatis
1789 2757 2014 2818 parce
2051 2735 2231 2799 tuis,
2278 2756 2469 2818 parce
2507 2738 2720 2799 autem

428 2854 531 2915 est
576 2851 927 2914 secundum
974 2851 1272 2935 antiquos
1320 2873 1519 2935 serva,
1570 2852 1645 2915 ut
1690 2850 1857 2933 apud
1903 2849 2280 2915 Lucilium
2327 2853 2393 2914 et
2435 2849 2722 2915 Ennium

427 2967 773 3032 invenitur.
1765 2971 1769 2975 ’

1358 3052 1564 3119 CXIX
1609 3053 1795 3135 [154]

613 3168 786 3235 Serv.
834 3169 915 3234 ad
962 3192 1100 3234 aen.
1145 3168 1223 3253 X,
1271 3170 1399 3234 623
1454 3191 1720 3253 meque
1772 3170 1913 3234 hoc
1964 3170 2077 3257 ita
2121 3192 2402 3253 ponere
2449 3170 2720 3233 sentis:

431 3308 587 3350 sane
647 3307 888 3369 ponere
939 3284 1175 3368 facere,
1232 3285 1397 3349 sicut
1459 3283 1605 3368 (sic
1659 3284 1888 3369 Regin.
1939 3282 2137 3367 1674)
2191 3284 2533 3366 Lucilius
2588 3284 2721 3348 Ho-

313 3411 320 3418 '
428 3423 681 3465 merum
720 3404 982 3464 secutus
1039 3400 1149 3484 qui
1204 3401 1296 3464 ait
1349 3393 1528 3482 ἄλγε’
1580 3401 1826 3482 ἔθηκεν
1871 3400 1911 3463 i.
1959 3422 2010 3463 e.
2056 3399 2208 3464 fecit
2261 3398 2456 3485 (male
2501 3398 2725 3463 Dousa

429 3518 573 3600 ipsa
616 3516 779 3580 haec
823 3508 884 3579 ἅ.
929 3517 1031 3579 ἔθ.
1077 3514 1304 3580 Lucilii
1350 3537 1489 3580 esse
1535 3514 1970 3599 existimavit).

435 3677 582 3726 cedit
618 3691 746 3726 eum
782 3676 876 3739 qui
913 3688 1169 3739 praesens
1202 3678 1302 3726 est.
1406 3673 1553 3724 CXV
1600 3673 1820 3725 Servius
1859 3673 1926 3723 ad
1950 3689 2066 3723 aen.
2091 3673 2186 3736 VI,
2217 3675 2241 3722 1
2280 3674 2620 3741 classique
2658 3702 2724 3711 --

435 3744 578 3809 quod
613 3743 710 3793 fiat
743 3742 807 3791 de
841 3742 1093 3793 fustibus.
1166 3741 1343 3792 calas
1382 3742 1526 3792 enim
1563 3743 1821 3792 dicebant
1855 3742 2090 3792 maiores
2114 3743 2305 3798 nostri
2340 3742 2540 3806 fustes,
2588 3759 2724 3824 quos

435 3812 729 3876 portabant
767 3810 909 3860 servi
945 3814 1232 3874 sequentes
1267 3809 1511 3860 dominos
1548 3810 1615 3859 ad
1652 3810 1929 3875 proelium,
1968 3811 2113 3860 sicut
2151 3809 2459 3861 Lucilius
2495 3838 2560 3846 —
2596 3812 2630 3860 i.
2659 3828 2723 3871 e.‚

437 3896 470 3930 o
507 3895 658 3943 pii-‚ei
698 3879 892 3946 frange
928 3878 1030 3940 (ita
1065 3877 1307 3927 Ambros.
1349 3879 1470 3940 157,
1508 3895 1559 3928 v.
1599 3877 1856 3939 scinde)
1903 3877 2076 3927 fustes
2113 3882 2166 3926 et
2200 3877 2286 3927 fac
2323 3878 2516 3928 focum.
2587 3879 2725 3928 unde

436 3947 598 3996 etiam
633 3939 855 3995 calones
891 3944 1228 3995 dicebantur.
1298 3961 1422 3994 nam
1468 3945 1802 3996 consuetudo
1846 3950 1964 3994 erat
2010 3945 2197 3995 militis
2234 3946 2482 3996 Romani
2508 3951 2569 3996 ut
2605 3946 2722 4009 ipse

440 4015 544 4065 sibi
578 4029 731 4063 arma
767 4017 1011 4078 portaret
1044 4019 1099 4062 et
1135 4012 1254 4062 calo
1292 4010 1417 4076 (om.
1445 4012 1585 4075 cdd)
1622 4013 1840 4064 vallum.
1894 4013 2096 4063 vallum
2131 4019 2314 4063 autem
2349 4014 2604 4063 dicebant
2639 4029 2726 4061 ca-

438 4080 545 4132 lam
580 4080 704 4147 (illa
740 4081 924 4131 sicut
958 4106 1023 4115 —-
1060 4080 1274 4130 focum
1311 4096 1587 4146 perperam
1624 4081 1675 4131 h.
1701 4081 1737 4130 l.
1773 4080 2053 4146 adscripta
2088 4082 2351 4147 leguntur
2384 4082 2441 4130 in
2468 4077 2631 4143 cdd..)

611 4222 731 4279 151
771 4230 906 4295 post
945 4225 1092 4280 illud
1129 4223 1313 4279 scinde
1356 4225 1488 4280 add.
1536 4225 1657 4279 edd
1704 4240 1859 4296 puer,
1904 4226 2057 4297 quod
2095 4225 2334 4295 irrepsit
2375 4237 2452 4277 ex
2480 4237 2724 4294 sequen-

442 4309 589 4364 tibus
632 4309 895 4378 verbum,
952 4327 1056 4364 om.
1115 4309 1370 4366 Ambros.
1431 4325 1478 4364 c.
1545 4306 1661 4364 157
1711 4316 1765 4366 ec
1812 4309 2003 4382 Guels·
2050 4309 2089 4366 I
2135 4311 2193 4364 in
2250 4325 2361 4381 quo
2406 4313 2490 4363 est
2540 4306 2724 4363 scinde

444 4392 606 4470 calam
651 4388 716 4447 sii
755 4391 926 4462 calas;
971 4402 1079 4449 cet.
1128 4393 1209 4466 cf.
1258 4411 1451 4450 comm.
