<?xml version="1.0" encoding="UTF-8"?>
<!DOCTYPE html PUBLIC "-//W3C//DTD XHTML 1.0 Transitional//EN"
    "http://www.w3.org/TR/xhtml1/DTD/xhtml1-transitional.dtd">
<html xmlns="http://www.w3.org/1999/xhtml" xml:lang="en" lang="en">
 <head>
  <title>
</title>
<meta http-equiv="Content-Type" content="text/html;charset=utf-8" />
  <meta name='ocr-system' content='tesseract 3.04.00' />
  <meta name='ocr-capabilities' content='ocr_page ocr_carea ocr_par ocr_line ocrx_word'/>
</head>
<body>
  <div class='ocr_page' id='page_1' title='image "./clucilisaturaru00mlgoog_0408.png"; bbox 0 0 3267 5075; ppageno 0'>
   <div class='ocr_carea' id='block_1_1' title="bbox 691 380 2657 471">
    <p class='ocr_par' dir='ltr' id='par_1_1' title="bbox 691 380 2657 471">
     <span class='ocr_line' id='line_1_1' title="bbox 691 380 2657 471; baseline -0.003 -29"><span class='ocrx_word' id='word_1_1' title='bbox 691 380 820 471; x_wconf 62' lang='grc'><strong>288</strong></span> <span class='ocrx_word' id='word_1_2' title='bbox 997 380 1221 436; x_wconf 83' lang='lat' dir='ltr'><strong>MAGIS</strong></span> <span class='ocrx_word' id='word_1_3' title='bbox 1260 380 1668 436; x_wconf 62' lang='lat' dir='ltr'>SUSPECTA:</span> <span class='ocrx_word' id='word_1_4' title='bbox 1721 381 2176 437; x_wconf 86' lang='lat' dir='ltr'>TESTIMONIA</span> <span class='ocrx_word' id='word_1_5' title='bbox 2214 383 2310 436; x_wconf 91' lang='lat' dir='ltr'><strong>DE</strong></span> <span class='ocrx_word' id='word_1_6' title='bbox 2350 382 2657 438; x_wconf 87' lang='lat' dir='ltr'><strong>LUCILIO.</strong></span> 
     </span>
    </p>
   </div>
   <div class='ocr_carea' id='block_1_2' title="bbox 692 538 2940 1468">
    <p class='ocr_par' dir='ltr' id='par_1_2' title="bbox 692 538 2937 1045">
     <span class='ocr_line' id='line_1_2' title="bbox 693 538 2932 625; baseline 0.002 -24"><span class='ocrx_word' id='word_1_7' title='bbox 693 564 811 602; x_wconf 90' lang='lat' dir='ltr'><strong>nam</strong></span> <span class='ocrx_word' id='word_1_8' title='bbox 856 557 910 602; x_wconf 81' lang='lat' dir='ltr'><strong>ct</strong></span> <span class='ocrx_word' id='word_1_9' title='bbox 939 548 1145 603; x_wconf 84' lang='lat' dir='ltr'><strong>Statius</strong></span> <span class='ocrx_word' id='word_1_10' title='bbox 1191 553 1504 606; x_wconf 76' lang='lat' dir='ltr'><em>tenuiorem</em></span> <span class='ocrx_word' id='word_1_11' title='bbox 1548 548 1684 605; x_wconf 79' lang='lat' dir='ltr'><strong>dixit</strong></span> <span class='ocrx_word' id='word_1_12' title='bbox 1730 549 1901 606; x_wconf 85' lang='lat' dir='ltr'><strong>tribus</strong></span> <span class='ocrx_word' id='word_1_13' title='bbox 1934 538 2167 624; x_wconf 81' lang='lat' dir='ltr'><strong>syllabis.</strong></span> <span class='ocrx_word' id='word_1_14' title='bbox 2224 580 2293 590; x_wconf 97' lang='lat'><strong>—</strong></span> <span class='ocrx_word' id='word_1_15' title='bbox 2345 559 2518 606; x_wconf 89' lang='lat' dir='ltr'><strong>tamen</strong></span> <span class='ocrx_word' id='word_1_16' title='bbox 2563 551 2771 625; x_wconf 88' lang='lat' dir='ltr'><strong>propius</strong></span> <span class='ocrx_word' id='word_1_17' title='bbox 2809 549 2932 606; x_wconf 86' lang='lat' dir='ltr'><strong>abest</strong></span> 
     </span>
     <span class='ocr_line' id='line_1_3' title="bbox 692 629 2934 709; baseline 0.003 -25"><span class='ocrx_word' id='word_1_18' title='bbox 692 650 719 685; x_wconf 86' lang='lat' dir='ltr'><strong>a</strong></span> <span class='ocrx_word' id='word_1_19' title='bbox 767 629 868 686; x_wconf 80' lang='lat' dir='ltr'><strong>lide</strong></span> <span class='ocrx_word' id='word_1_20' title='bbox 914 633 1055 688; x_wconf 84' lang='lat' dir='ltr'><strong>hunc</strong></span> <span class='ocrx_word' id='word_1_21' title='bbox 1098 635 1688 707; x_wconf 82' lang='lat' dir='ltr'><strong>grammaticum·sicut</strong></span> <span class='ocrx_word' id='word_1_22' title='bbox 1731 644 2004 691; x_wconf 88' lang='lat' dir='ltr'><strong>auctorem</strong></span> <span class='ocrx_word' id='word_1_23' title='bbox 2051 633 2217 690; x_wconf 76' lang='lat' dir='ltr'><strong>libelli</strong></span> <span class='ocrx_word' id='word_1_24' title='bbox 2261 634 2327 690; x_wconf 87' lang='lat' dir='ltr'><strong>de</strong></span> <span class='ocrx_word' id='word_1_25' title='bbox 2360 633 2664 691; x_wconf 83' lang='lat' dir='ltr'><strong>nominibus</strong></span> <span class='ocrx_word' id='word_1_26' title='bbox 2692 633 2822 691; x_wconf 85' lang='lat' dir='ltr'><strong>dubii</strong></span> <span class='ocrx_word' id='word_1_27' title='bbox 2858 651 2934 709; x_wconf 84' lang='lat' dir='ltr'><strong>ge-</strong></span> 
     </span>
     <span class='ocr_line' id='line_1_4' title="bbox 694 716 2935 793; baseline 0.001 -23"><span class='ocrx_word' id='word_1_28' title='bbox 694 717 837 771; x_wconf 89' lang='lat' dir='ltr'><strong>neris</strong></span> <span class='ocrx_word' id='word_1_29' title='bbox 883 716 1265 791; x_wconf 88' lang='lat' dir='ltr'><strong>neglegentius</strong></span> <span class='ocrx_word' id='word_1_30' title='bbox 1308 735 1439 774; x_wconf 88' lang='lat' dir='ltr'><strong>usos</strong></span> <span class='ocrx_word' id='word_1_31' title='bbox 1483 718 1650 775; x_wconf 76' lang='lat' dir='ltr'><strong>fuisse</strong></span> <span class='ocrx_word' id='word_1_32' title='bbox 1691 721 1963 775; x_wconf 89' lang='lat' dir='ltr'><strong>communi</strong></span> <span class='ocrx_word' id='word_1_33' title='bbox 2009 719 2311 775; x_wconf 75' lang='lat' dir='ltr'>traditionis</span> <span class='ocrx_word' id='word_1_34' title='bbox 2350 719 2526 788; x_wconf 84' lang='lat' dir='ltr'><strong>sonte,</strong></span> <span class='ocrx_word' id='word_1_35' title='bbox 2570 720 2623 774; x_wconf 88' lang='lat' dir='ltr'><strong>in</strong></span> <span class='ocrx_word' id='word_1_36' title='bbox 2664 735 2763 793; x_wconf 88' lang='lat' dir='ltr'><strong>quo</strong></span> <span class='ocrx_word' id='word_1_37' title='bbox 2801 736 2935 774; x_wconf 81' lang='lat' dir='ltr'><strong>nasus</strong></span> 
     </span>
     <span class='ocr_line' id='line_1_5' title="bbox 694 800 2937 878; baseline 0.002 -24"><span class='ocrx_word' id='word_1_38' title='bbox 694 800 773 855; x_wconf 89' lang='lat' dir='ltr'><strong>vel</strong></span> <span class='ocrx_word' id='word_1_39' title='bbox 822 818 1006 856; x_wconf 89' lang='lat' dir='ltr'><strong>nasum</strong></span> <span class='ocrx_word' id='word_1_40' title='bbox 1052 802 1418 876; x_wconf 80' lang='lat' dir='ltr'><strong>compluribus</strong></span> <span class='ocrx_word' id='word_1_41' title='bbox 1461 802 1797 859; x_wconf 89' lang='lat' dir='ltr'><strong>diversorum</strong></span> <span class='ocrx_word' id='word_1_42' title='bbox 1828 804 2154 878; x_wconf 88' lang='lat' dir='ltr'><strong>scriptorum</strong></span> <span class='ocrx_word' id='word_1_43' title='bbox 2201 803 2457 878; x_wconf 88' lang='lat' dir='ltr'><strong>exemplis</strong></span> <span class='ocrx_word' id='word_1_44' title='bbox 2498 801 2852 876; x_wconf 84' lang='lat' dir='ltr'><strong>probarentur,</strong></span> <span class='ocrx_word' id='word_1_45' title='bbox 2889 812 2937 858; x_wconf 91' lang='lat' dir='ltr'><strong>ut</strong></span> 
     </span>
     <span class='ocr_line' id='line_1_6' title="bbox 693 883 2932 961; baseline 0.001 -22"><span class='ocrx_word' id='word_1_46' title='bbox 693 883 878 941; x_wconf 82' lang='lat' dir='ltr'><strong>Lucilii</strong></span> <span class='ocrx_word' id='word_1_47' title='bbox 924 902 1121 942; x_wconf 89' lang='lat' dir='ltr'><strong>nomen</strong></span> <span class='ocrx_word' id='word_1_48' title='bbox 1165 886 1311 960; x_wconf 89' lang='lat' dir='ltr'><strong>qnod</strong></span> <span class='ocrx_word' id='word_1_49' title='bbox 1354 887 1681 961; x_wconf 87' lang='lat' dir='ltr'><strong>adscriptum</strong></span> <span class='ocrx_word' id='word_1_50' title='bbox 1725 897 1874 944; x_wconf 90' lang='lat' dir='ltr'><strong>esset</strong></span> <span class='ocrx_word' id='word_1_51' title='bbox 1916 887 1980 944; x_wconf 87' lang='lat' dir='ltr'><strong>ad</strong></span> <span class='ocrx_word' id='word_1_52' title='bbox 2026 887 2113 944; x_wconf 84' lang='lat' dir='ltr'><strong>illa</strong></span> <span class='ocrx_word' id='word_1_53' title='bbox 2163 905 2299 961; x_wconf 88' lang='lat' dir='ltr'><strong>quae</strong></span> <span class='ocrx_word' id='word_1_54' title='bbox 2343 889 2573 943; x_wconf 88' lang='lat' dir='ltr'><strong>servavit</strong></span> <span class='ocrx_word' id='word_1_55' title='bbox 2603 886 2789 944; x_wconf 86' lang='lat' dir='ltr'><strong>Nonius</strong></span> <span class='ocrx_word' id='word_1_56' title='bbox 2827 905 2867 943; x_wconf 83' lang='lat'><strong>8.</strong></span> <span class='ocrx_word' id='word_1_57' title='bbox 2895 907 2932 941; x_wconf 85' lang='lat' dir='ltr'><strong>v.</strong></span> 
     </span>
     <span class='ocr_line' id='line_1_7' title="bbox 695 971 2014 1045; baseline 0.003 -21"><span class='ocrx_word' id='word_1_58' title='bbox 695 986 854 1025; x_wconf 84' lang='lat' dir='ltr'><strong>nasus</strong></span> <span class='ocrx_word' id='word_1_59' title='bbox 900 988 992 1045; x_wconf 85' lang='lat' dir='ltr'><strong>pg.</strong></span> <span class='ocrx_word' id='word_1_60' title='bbox 1041 971 1164 1028; x_wconf 81' lang='lat'><strong>215</strong></span> <span class='ocrx_word' id='word_1_61' title='bbox 1212 980 1413 1028; x_wconf 89' lang='lat' dir='ltr'><strong>temere</strong></span> <span class='ocrx_word' id='word_1_62' title='bbox 1460 972 1848 1028; x_wconf 61' lang='lat' dir='ltr'><strong>transmittetur</strong></span> <span class='ocrx_word' id='word_1_63' title='bbox 1891 972 2014 1028; x_wconf 87' lang='lat' dir='ltr'><strong>alio.</strong></span> 
     </span>
    </p>

    <p class='ocr_par' dir='ltr' id='par_1_3' title="bbox 695 1055 2940 1468">
     <span class='ocr_line' id='line_1_8' title="bbox 869 1055 2937 1130; baseline 0.001 -20"><span class='ocrx_word' id='word_1_64' title='bbox 869 1056 963 1113; x_wconf 88' lang='grc'><strong>10.</strong></span> <span class='ocrx_word' id='word_1_65' title='bbox 1038 1055 1169 1112; x_wconf 87' lang='lat' dir='ltr'><strong>haec</strong></span> <span class='ocrx_word' id='word_1_66' title='bbox 1212 1056 1363 1112; x_wconf 87' lang='lat' dir='ltr'><strong>valde</strong></span> <span class='ocrx_word' id='word_1_67' title='bbox 1409 1073 1600 1113; x_wconf 86' lang='lat' dir='ltr'><strong>vereor</strong></span> <span class='ocrx_word' id='word_1_68' title='bbox 1642 1073 1710 1112; x_wconf 92' lang='lat' dir='ltr'><strong>ne</strong></span> <span class='ocrx_word' id='word_1_69' title='bbox 1755 1059 2010 1121; x_wconf 85' lang='lat' dir='ltr'><strong>memoria</strong></span> <span class='ocrx_word' id='word_1_70' title='bbox 2057 1055 2239 1130; x_wconf 88' lang='lat' dir='ltr'><strong>lapsus</strong></span> <span class='ocrx_word' id='word_1_71' title='bbox 2285 1056 2664 1130; x_wconf 82' lang='lat' dir='ltr'><strong>Hieronymus,</strong></span> <span class='ocrx_word' id='word_1_72' title='bbox 2707 1058 2852 1112; x_wconf 84' lang='lat' dir='ltr'><strong>bomo</strong></span> <span class='ocrx_word' id='word_1_73' title='bbox 2891 1067 2937 1112; x_wconf 87' lang='lat' dir='ltr'><strong>ut</strong></span> 
     </span>
     <span class='ocr_line' id='line_1_9' title="bbox 695 1139 2936 1216; baseline 0.001 -21"><span class='ocrx_word' id='word_1_74' title='bbox 695 1148 884 1195; x_wconf 89' lang='lat' dir='ltr'><strong>notum</strong></span> <span class='ocrx_word' id='word_1_75' title='bbox 928 1139 1245 1209; x_wconf 87' lang='lat' dir='ltr'><strong>levissimus,</strong></span> <span class='ocrx_word' id='word_1_76' title='bbox 1294 1139 1640 1216; x_wconf 79' lang='lat' dir='ltr'>adscripserit</span> <span class='ocrx_word' id='word_1_77' title='bbox 1684 1141 1908 1198; x_wconf 87' lang='lat' dir='ltr'><strong>Lucilio.</strong></span> <span class='ocrx_word' id='word_1_78' title='bbox 1968 1173 2050 1182; x_wconf 93' lang='lat'>—</span> <span class='ocrx_word' id='word_1_79' title='bbox 2107 1158 2225 1196; x_wconf 89' lang='lat' dir='ltr'><strong>nam</strong></span> <span class='ocrx_word' id='word_1_80' title='bbox 2273 1141 2533 1215; x_wconf 84' lang='lat' dir='ltr'><strong>leguntur</strong></span> <span class='ocrx_word' id='word_1_81' title='bbox 2583 1158 2668 1215; x_wconf 91' lang='lat' dir='ltr'><strong>ap.</strong></span> <span class='ocrx_word' id='word_1_82' title='bbox 2712 1141 2828 1197; x_wconf 82' lang='lat' dir='ltr'><strong>Hor.</strong></span> <span class='ocrx_word' id='word_1_83' title='bbox 2869 1160 2936 1216; x_wconf 82' lang='lat' dir='ltr'><strong>ep.</strong></span> 
     </span>
     <span class='ocr_line' id='line_1_10' title="bbox 695 1223 2939 1301; baseline 0 -22"><span class='ocrx_word' id='word_1_84' title='bbox 695 1224 754 1280; x_wconf 89' lang='lat' dir='ltr'><strong>ll.</strong></span> <span class='ocrx_word' id='word_1_85' title='bbox 806 1226 833 1279; x_wconf 92' lang='lat'>1</span> <span class='ocrx_word' id='word_1_86' title='bbox 883 1224 1066 1279; x_wconf 87' lang='lat' dir='ltr'><strong>eadem</strong></span> <span class='ocrx_word' id='word_1_87' title='bbox 1113 1241 1218 1280; x_wconf 90' lang='lat' dir='ltr'><strong>non</strong></span> <span class='ocrx_word' id='word_1_88' title='bbox 1266 1224 1496 1296; x_wconf 90' lang='lat' dir='ltr'><strong>Lucilio,</strong></span> <span class='ocrx_word' id='word_1_89' title='bbox 1552 1223 1651 1282; x_wconf 86' lang='lat' dir='ltr'><strong>sed</strong></span> <span class='ocrx_word' id='word_1_90' title='bbox 1698 1227 1897 1282; x_wconf 89' lang='lat' dir='ltr'><strong>criticis</strong></span> <span class='ocrx_word' id='word_1_91' title='bbox 1945 1229 2193 1301; x_wconf 84' lang='lat' dir='ltr'><strong>Augusto</strong></span> <span class='ocrx_word' id='word_1_92' title='bbox 2237 1224 2550 1299; x_wconf 81' lang='lat' dir='ltr'><strong>aequalibus</strong></span> <span class='ocrx_word' id='word_1_93' title='bbox 2598 1225 2802 1298; x_wconf 81' lang='lat' dir='ltr'><strong>tributa,</strong></span> <span class='ocrx_word' id='word_1_94' title='bbox 2841 1243 2939 1281; x_wconf 85' lang='lat' dir='ltr'><strong>cum</strong></span> 
     </span>
     <span class='ocr_line' id='line_1_11' title="bbox 695 1307 2940 1385; baseline 0 -22"><span class='ocrx_word' id='word_1_95' title='bbox 695 1309 809 1382; x_wconf 90' lang='lat' dir='ltr'><strong>ipse</strong></span> <span class='ocrx_word' id='word_1_96' title='bbox 857 1307 1071 1363; x_wconf 76' lang='lat' dir='ltr'><strong>Flaccus</strong></span> <span class='ocrx_word' id='word_1_97' title='bbox 1117 1309 1165 1363; x_wconf 90' lang='lat' dir='ltr'><strong>id</strong></span> <span class='ocrx_word' id='word_1_98' title='bbox 1214 1309 1430 1364; x_wconf 72' lang='lat' dir='ltr'><strong>irrideat</strong></span> <span class='ocrx_word' id='word_1_99' title='bbox 1474 1310 1748 1366; x_wconf 87' lang='lat' dir='ltr'><strong>iudicium.</strong></span> <span class='ocrx_word' id='word_1_100' title='bbox 1822 1318 1877 1366; x_wconf 92' lang='lat' dir='ltr'><strong>et</strong></span> <span class='ocrx_word' id='word_1_101' title='bbox 1906 1312 2036 1367; x_wconf 91' lang='lat' dir='ltr'><strong>satis</strong></span> <span class='ocrx_word' id='word_1_102' title='bbox 2080 1316 2294 1366; x_wconf 90' lang='lat' dir='ltr'><strong>constat</strong></span> <span class='ocrx_word' id='word_1_103' title='bbox 2323 1310 2564 1384; x_wconf 87' lang='lat' dir='ltr'><strong>alioquin</strong></span> <span class='ocrx_word' id='word_1_104' title='bbox 2600 1310 2940 1385; x_wconf 76' lang='lat' dir='ltr'>Hieronymum</span> 
     </span>
     <span class='ocr_line' id='line_1_12' title="bbox 695 1392 2776 1468; baseline 0.003 -22"><span class='ocrx_word' id='word_1_105' title='bbox 695 1392 958 1468; x_wconf 86' lang='lat' dir='ltr'><strong>quidquid</strong></span> <span class='ocrx_word' id='word_1_106' title='bbox 1005 1393 1159 1448; x_wconf 83' lang='lat' dir='ltr'><strong>ail&#39;ert</strong></span> <span class='ocrx_word' id='word_1_107' title='bbox 1203 1411 1265 1449; x_wconf 89' lang='lat' dir='ltr'><strong>ex</strong></span> <span class='ocrx_word' id='word_1_108' title='bbox 1310 1392 1498 1450; x_wconf 86' lang='lat' dir='ltr'><strong>Lucilii</strong></span> <span class='ocrx_word' id='word_1_109' title='bbox 1544 1396 1739 1451; x_wconf 90' lang='lat' dir='ltr'><strong>saturis</strong></span> <span class='ocrx_word' id='word_1_110' title='bbox 1785 1412 1813 1450; x_wconf 88' lang='lat' dir='ltr'><strong>a</strong></span> <span class='ocrx_word' id='word_1_111' title='bbox 1859 1395 2037 1452; x_wconf 85' lang='lat' dir='ltr'><strong>Tullio</strong></span> <span class='ocrx_word' id='word_1_112' title='bbox 2085 1394 2415 1467; x_wconf 82' lang='lat' dir='ltr'><strong>Horatioque</strong></span> <span class='ocrx_word' id='word_1_113' title='bbox 2461 1403 2776 1453; x_wconf 89' lang='lat' dir='ltr'><strong>mutuatum.</strong></span> 
     </span>
    </p>
   </div>
   <div class='ocr_carea' id='block_1_3' title="bbox 1475 1629 2182 1687">
    <p class='ocr_par' dir='ltr' id='par_1_4' title="bbox 1475 1629 2182 1687">
     <span class='ocr_line' id='line_1_13' title="bbox 1475 1629 2182 1687; baseline 0 -1"><span class='ocrx_word' id='word_1_114' title='bbox 1475 1630 1803 1686; x_wconf 88' lang='lat' dir='ltr'><strong>Testimonia</strong></span> <span class='ocrx_word' id='word_1_115' title='bbox 1846 1630 1913 1686; x_wconf 87' lang='lat' dir='ltr'><strong>de</strong></span> <span class='ocrx_word' id='word_1_116' title='bbox 1957 1629 2182 1687; x_wconf 88' lang='lat' dir='ltr'><strong>Lucilio.</strong></span> 
     </span>
    </p>
   </div>
   <div class='ocr_carea' id='block_1_4' title="bbox 696 1775 2962 3782">
    <p class='ocr_par' dir='ltr' id='par_1_5' title="bbox 696 1775 2962 3782">
     <span class='ocr_line' id='line_1_14' title="bbox 871 1775 2951 1851; baseline -0.001 -17"><span class='ocrx_word' id='word_1_117' title='bbox 871 1778 922 1834; x_wconf 91' lang='lat'><strong>1.</strong></span> <span class='ocrx_word' id='word_1_118' title='bbox 999 1778 1067 1833; x_wconf 88' lang='lat' dir='ltr'><strong>de</strong></span> <span class='ocrx_word' id='word_1_119' title='bbox 1113 1778 1192 1833; x_wconf 84' lang='lat' dir='ltr'><strong>his</strong></span> <span class='ocrx_word' id='word_1_120' title='bbox 1224 1793 1362 1851; x_wconf 87' lang='lat' dir='ltr'><strong>quae</strong></span> <span class='ocrx_word' id='word_1_121' title='bbox 1407 1775 1574 1832; x_wconf 76' lang='lat' dir='ltr'><strong>refert</strong></span> <span class='ocrx_word' id='word_1_122' title='bbox 1604 1775 1964 1849; x_wconf 83' lang='lat' dir='ltr'><strong>Hieronymus</strong></span> <span class='ocrx_word' id='word_1_123' title='bbox 2007 1793 2129 1832; x_wconf 89' lang='lat' dir='ltr'><strong>cum</strong></span> <span class='ocrx_word' id='word_1_124' title='bbox 2177 1779 2376 1832; x_wconf 91' lang='lat' dir='ltr'><strong>totiens</strong></span> <span class='ocrx_word' id='word_1_125' title='bbox 2407 1776 2675 1851; x_wconf 83' lang='lat' dir='ltr'><strong>litigarint</strong></span> <span class='ocrx_word' id='word_1_126' title='bbox 2717 1776 2852 1833; x_wconf 91' lang='lat' dir='ltr'><strong>docti</strong></span> <span class='ocrx_word' id='word_1_127' title='bbox 2889 1777 2951 1831; x_wconf 89' lang='lat' dir='ltr'><strong>sic</strong></span> 
     </span>
     <span class='ocr_line' id='line_1_15' title="bbox 700 1860 2953 1935; baseline -0.002 -16"><span class='ocrx_word' id='word_1_128' title='bbox 700 1862 914 1934; x_wconf 83' lang='lat' dir='ltr'><strong>habeto,</strong></span> <span class='ocrx_word' id='word_1_129' title='bbox 960 1862 1089 1918; x_wconf 85' lang='lat' dir='ltr'><strong>nihil</strong></span> <span class='ocrx_word' id='word_1_130' title='bbox 1136 1864 1357 1918; x_wconf 89' lang='lat' dir='ltr'><strong>omnino</strong></span> <span class='ocrx_word' id='word_1_131' title='bbox 1402 1878 1522 1917; x_wconf 91' lang='lat' dir='ltr'><strong>esse</strong></span> <span class='ocrx_word' id='word_1_132' title='bbox 1567 1877 1664 1917; x_wconf 90' lang='lat' dir='ltr'><strong>cur</strong></span> <span class='ocrx_word' id='word_1_133' title='bbox 1710 1861 1922 1916; x_wconf 80' lang='lat' dir='ltr'><strong>fatalem</strong></span> <span class='ocrx_word' id='word_1_134' title='bbox 1956 1860 2141 1917; x_wconf 81' lang='lat' dir='ltr'><strong>Lucilii</strong></span> <span class='ocrx_word' id='word_1_135' title='bbox 2172 1877 2368 1918; x_wconf 89' lang='lat' dir='ltr'><strong>annum</strong></span> <span class='ocrx_word' id='word_1_136' title='bbox 2403 1861 2544 1917; x_wconf 88' lang='lat' dir='ltr'><strong>ultra</strong></span> <span class='ocrx_word' id='word_1_137' title='bbox 2576 1878 2699 1918; x_wconf 88' lang='lat' dir='ltr'><strong>eum</strong></span> <span class='ocrx_word' id='word_1_138' title='bbox 2743 1863 2828 1935; x_wconf 90' lang='lat' dir='ltr'><strong>qui</strong></span> <span class='ocrx_word' id='word_1_139' title='bbox 2869 1861 2953 1916; x_wconf 83' lang='lat' dir='ltr'><strong>suit</strong></span> 
     </span>
     <span class='ocr_line' id='line_1_16' title="bbox 697 1945 2952 2022; baseline -0.001 -19"><span class='ocrx_word' id='word_1_140' title='bbox 697 1967 741 2003; x_wconf 94' lang='lat' dir='ltr'><strong>a.</strong></span> <span class='ocrx_word' id='word_1_141' title='bbox 791 1965 842 2002; x_wconf 93' lang='grc' dir='ltr'><strong>ιι.</strong></span> <span class='ocrx_word' id='word_1_142' title='bbox 891 1965 938 2003; x_wconf 88' lang='lat' dir='ltr'><strong>c.</strong></span> <span class='ocrx_word' id='word_1_143' title='bbox 972 1947 1094 2003; x_wconf 85' lang='grc'><strong>652</strong></span> <span class='ocrx_word' id='word_1_144' title='bbox 1141 1945 1564 2022; x_wconf 86' lang='lat' dir='ltr'><strong>promovendum</strong></span> <span class='ocrx_word' id='word_1_145' title='bbox 1610 1946 2007 2013; x_wconf 85' lang='lat' dir='ltr'><strong>existimemus;</strong></span> <span class='ocrx_word' id='word_1_146' title='bbox 2056 1963 2173 2000; x_wconf 91' lang='lat' dir='ltr'><strong>nam</strong></span> <span class='ocrx_word' id='word_1_147' title='bbox 2220 1963 2356 2019; x_wconf 90' lang='lat' dir='ltr'><strong>qnae</strong></span> <span class='ocrx_word' id='word_1_148' title='bbox 2401 1947 2795 2003; x_wconf 80' lang='lat' dir='ltr'><strong>recentissimae</strong></span> <span class='ocrx_word' id='word_1_149' title='bbox 2837 1954 2952 2001; x_wconf 90' lang='lat' dir='ltr'><strong>tem-</strong></span> 
     </span>
     <span class='ocr_line' id='line_1_17' title="bbox 697 2029 2953 2106; baseline -0.002 -18"><span class='ocrx_word' id='word_1_150' title='bbox 697 2049 887 2106; x_wconf 87' lang='lat' dir='ltr'><strong>porum</strong></span> <span class='ocrx_word' id='word_1_151' title='bbox 935 2041 1094 2086; x_wconf 89' lang='lat' dir='ltr'><strong>notae</strong></span> <span class='ocrx_word' id='word_1_152' title='bbox 1138 2035 1190 2087; x_wconf 93' lang='lat' dir='ltr'><strong>in</strong></span> <span class='ocrx_word' id='word_1_153' title='bbox 1251 2033 1365 2086; x_wconf 87' lang='lat' dir='ltr'><strong>cius</strong></span> <span class='ocrx_word' id='word_1_154' title='bbox 1423 2029 1744 2086; x_wconf 78' lang='lat' dir='ltr'><strong>carminibus</strong></span> <span class='ocrx_word' id='word_1_155' title='bbox 1788 2039 2083 2086; x_wconf 88' lang='lat' dir='ltr'><strong>occurrunt</strong></span> <span class='ocrx_word' id='word_1_156' title='bbox 2140 2031 2244 2086; x_wconf 87' lang='lat' dir='ltr'><strong>hoc</strong></span> <span class='ocrx_word' id='word_1_157' title='bbox 2300 2040 2383 2086; x_wconf 85' lang='lat' dir='ltr'><strong>est</strong></span> <span class='ocrx_word' id='word_1_158' title='bbox 2428 2030 2731 2104; x_wconf 77' lang='lat' dir='ltr'><strong>Iugurthini</strong></span> <span class='ocrx_word' id='word_1_159' title='bbox 2784 2030 2953 2104; x_wconf 81' lang='lat' dir='ltr'><strong>Opimii</strong></span> 
     </span>
     <span class='ocr_line' id='line_1_18' title="bbox 696 2113 2951 2189; baseline -0.001 -18"><span class='ocrx_word' id='word_1_160' title='bbox 696 2127 750 2171; x_wconf 90' lang='lat' dir='ltr'><strong>et</strong></span> <span class='ocrx_word' id='word_1_161' title='bbox 792 2117 967 2170; x_wconf 82' lang='lat' dir='ltr'><strong>Crassi</strong></span> <span class='ocrx_word' id='word_1_162' title='bbox 1014 2115 1316 2171; x_wconf 76' lang='lat' dir='ltr'><strong>tribunatus</strong></span> <span class='ocrx_word' id='word_1_163' title='bbox 1365 2117 1565 2170; x_wconf 87' lang='lat' dir='ltr'><strong>mentio</strong></span> <span class='ocrx_word' id='word_1_164' title='bbox 1611 2115 1747 2170; x_wconf 80' lang='lat' dir='ltr'><strong>facta</strong></span> <span class='ocrx_word' id='word_1_165' title='bbox 1792 2113 1855 2169; x_wconf 87' lang='lat' dir='ltr'><strong>ad</strong></span> <span class='ocrx_word' id='word_1_166' title='bbox 1902 2132 2098 2170; x_wconf 89' lang='lat' dir='ltr'><strong>annum</strong></span> <span class='ocrx_word' id='word_1_167' title='bbox 2131 2114 2279 2171; x_wconf 86' lang='lat' dir='ltr'><strong>urbis</strong></span> <span class='ocrx_word' id='word_1_168' title='bbox 2310 2114 2431 2172; x_wconf 83' lang='lat'><strong>645</strong></span> <span class='ocrx_word' id='word_1_169' title='bbox 2462 2126 2517 2170; x_wconf 86' lang='lat' dir='ltr'><strong>et</strong></span> <span class='ocrx_word' id='word_1_170' title='bbox 2549 2115 2685 2172; x_wconf 86' lang='grc'><strong>646</strong></span> <span class='ocrx_word' id='word_1_171' title='bbox 2715 2122 2951 2189; x_wconf 86' lang='lat' dir='ltr'><strong>spectant.</strong></span> 
     </span>
     <span class='ocr_line' id='line_1_19' title="bbox 698 2197 2951 2273; baseline -0.001 -17"><span class='ocrx_word' id='word_1_172' title='bbox 698 2218 817 2256; x_wconf 89' lang='lat' dir='ltr'><strong>nam</strong></span> <span class='ocrx_word' id='word_1_173' title='bbox 864 2199 1113 2255; x_wconf 87' lang='lat' dir='ltr'><strong>Liciniam</strong></span> <span class='ocrx_word' id='word_1_174' title='bbox 1158 2201 1333 2273; x_wconf 88' lang='lat' dir='ltr'><strong>legem</strong></span> <span class='ocrx_word' id='word_1_175' title='bbox 1380 2216 1537 2272; x_wconf 82' lang='lat' dir='ltr'><strong>quam</strong></span> <span class='ocrx_word' id='word_1_176' title='bbox 1583 2217 1611 2254; x_wconf 89' lang='lat' dir='ltr'><strong>a</strong></span> <span class='ocrx_word' id='word_1_177' title='bbox 1657 2199 1716 2256; x_wconf 81' lang='lat' dir='ltr'><strong>P.</strong></span> <span class='ocrx_word' id='word_1_178' title='bbox 1764 2198 1967 2255; x_wconf 90' lang='lat' dir='ltr'><strong>Licinio</strong></span> <span class='ocrx_word' id='word_1_179' title='bbox 2011 2200 2205 2255; x_wconf 88' lang='lat' dir='ltr'><strong>Crasso</strong></span> <span class='ocrx_word' id='word_1_180' title='bbox 2237 2199 2405 2255; x_wconf 84' lang='lat' dir='ltr'><strong>Divite</strong></span> <span class='ocrx_word' id='word_1_181' title='bbox 2434 2199 2663 2256; x_wconf 89' lang='lat' dir='ltr'><strong>consule</strong></span> <span class='ocrx_word' id='word_1_182' title='bbox 2695 2217 2738 2255; x_wconf 87' lang='lat' dir='ltr'><strong>a.</strong></span> <span class='ocrx_word' id='word_1_183' title='bbox 2771 2216 2818 2256; x_wconf 91' lang='lat' dir='ltr'><strong>u.</strong></span> <span class='ocrx_word' id='word_1_184' title='bbox 2851 2197 2951 2256; x_wconf 81' lang='lat'><strong>657</strong></span> 
     </span>
     <span class='ocr_line' id='line_1_20' title="bbox 698 2281 2954 2357; baseline -0.001 -17"><span class='ocrx_word' id='word_1_185' title='bbox 698 2285 855 2341; x_wconf 88' lang='lat' dir='ltr'><strong>latam</strong></span> <span class='ocrx_word' id='word_1_186' title='bbox 899 2301 1020 2340; x_wconf 87' lang='lat' dir='ltr'><strong>esse</strong></span> <span class='ocrx_word' id='word_1_187' title='bbox 1061 2284 1163 2340; x_wconf 90' lang='lat' dir='ltr'><strong>sibi</strong></span> <span class='ocrx_word' id='word_1_188' title='bbox 1212 2299 1528 2357; x_wconf 87' lang='lat' dir='ltr'><strong>persuasere</strong></span> <span class='ocrx_word' id='word_1_189' title='bbox 1573 2283 1787 2357; x_wconf 85' lang='lat' dir='ltr'><strong>quidam</strong></span> <span class='ocrx_word' id='word_1_190' title='bbox 1831 2300 1940 2339; x_wconf 89' lang='lat' dir='ltr'><strong>non</strong></span> <span class='ocrx_word' id='word_1_191' title='bbox 1988 2285 2164 2340; x_wconf 89' lang='lat' dir='ltr'><strong>minus</strong></span> <span class='ocrx_word' id='word_1_192' title='bbox 2203 2281 2552 2357; x_wconf 87' lang='lat' dir='ltr'><strong>probabiliter</strong></span> <span class='ocrx_word' id='word_1_193' title='bbox 2598 2285 2662 2340; x_wconf 86' lang='lat' dir='ltr'><strong>ad</strong></span> <span class='ocrx_word' id='word_1_194' title='bbox 2710 2285 2954 2340; x_wconf 89' lang='lat' dir='ltr'><strong>tribunum</strong></span> 
     </span>
     <span class='ocr_line' id='line_1_21' title="bbox 698 2367 2955 2443; baseline -0.001 -18"><span class='ocrx_word' id='word_1_195' title='bbox 698 2369 926 2425; x_wconf 87' lang='lat' dir='ltr'><strong>eundem</strong></span> <span class='ocrx_word' id='word_1_196' title='bbox 984 2369 1066 2424; x_wconf 88' lang='lat' dir='ltr'><strong>vel</strong></span> <span class='ocrx_word' id='word_1_197' title='bbox 1124 2377 1424 2443; x_wconf 87' lang='lat' dir='ltr'><strong>praetorem</strong></span> <span class='ocrx_word' id='word_1_198' title='bbox 1496 2367 1686 2424; x_wconf 75' lang='lat' dir='ltr'><strong>referri</strong></span> <span class='ocrx_word' id='word_1_199' title='bbox 1756 2385 1916 2443; x_wconf 90' lang='lat' dir='ltr'><strong>posse</strong></span> <span class='ocrx_word' id='word_1_200' title='bbox 1982 2371 2240 2424; x_wconf 80' lang='lat' dir='ltr'><strong>monuere</strong></span> <span class='ocrx_word' id='word_1_201' title='bbox 2294 2371 2397 2424; x_wconf 88' lang='lat' dir='ltr'><strong>iam</strong></span> <span class='ocrx_word' id='word_1_202' title='bbox 2454 2369 2562 2425; x_wconf 90' lang='lat' dir='ltr'><strong>alii.</strong></span> <span class='ocrx_word' id='word_1_203' title='bbox 2667 2371 2747 2424; x_wconf 84' lang='lat' dir='ltr'><strong>vix</strong></span> <span class='ocrx_word' id='word_1_204' title='bbox 2801 2378 2955 2424; x_wconf 86' lang='lat' dir='ltr'><strong>autem</strong></span> 
     </span>
     <span class='ocr_line' id='line_1_22' title="bbox 699 2452 2958 2528; baseline -0.002 -18"><span class='ocrx_word' id='word_1_205' title='bbox 699 2452 927 2528; x_wconf 78' lang='lat' dir='ltr'><strong>dignum&#39;</strong></span> <span class='ocrx_word' id='word_1_206' title='bbox 979 2465 1064 2509; x_wconf 89' lang='lat' dir='ltr'><strong>est</strong></span> <span class='ocrx_word' id='word_1_207' title='bbox 1121 2455 1373 2508; x_wconf 88' lang='lat' dir='ltr'><strong>memoria</strong></span> <span class='ocrx_word' id='word_1_208' title='bbox 1434 2452 1579 2526; x_wconf 88' lang='lat' dir='ltr'><strong>quod</strong></span> <span class='ocrx_word' id='word_1_209' title='bbox 1628 2452 1893 2508; x_wconf 85' lang='lat' dir='ltr'><strong>lleusdius</strong></span> <span class='ocrx_word' id='word_1_210' title='bbox 1951 2455 2141 2509; x_wconf 90' lang='lat' dir='ltr'><strong>statuit</strong></span> <span class='ocrx_word' id='word_1_211' title='bbox 2197 2472 2289 2528; x_wconf 86' lang='lat' dir='ltr'><strong>pg.</strong></span> <span class='ocrx_word' id='word_1_212' title='bbox 2341 2453 2418 2510; x_wconf 83' lang='lat'><strong>28</strong></span> <span class='ocrx_word' id='word_1_213' title='bbox 2474 2452 2805 2511; x_wconf 89' lang='lat' dir='ltr'><strong>collocutum</strong></span> <span class='ocrx_word' id='word_1_214' title='bbox 2856 2468 2958 2508; x_wconf 82' lang='lat' dir='ltr'><strong>csse</strong></span> 
     </span>
     <span class='ocr_line' id='line_1_23' title="bbox 699 2537 2957 2612; baseline -0.001 -16"><span class='ocrx_word' id='word_1_215' title='bbox 699 2540 958 2596; x_wconf 90' lang='lat' dir='ltr'><strong>Lucilium</strong></span> <span class='ocrx_word' id='word_1_216' title='bbox 1005 2557 1126 2595; x_wconf 91' lang='lat' dir='ltr'><strong>cum</strong></span> <span class='ocrx_word' id='word_1_217' title='bbox 1157 2539 1413 2594; x_wconf 88' lang='lat' dir='ltr'><strong>Cicerone</strong></span> <span class='ocrx_word' id='word_1_218' title='bbox 1445 2548 1606 2612; x_wconf 90' lang='lat' dir='ltr'><strong>atque</strong></span> <span class='ocrx_word' id='word_1_219' title='bbox 1638 2538 1770 2594; x_wconf 91' lang='lat' dir='ltr'><strong>adeo</strong></span> <span class='ocrx_word' id='word_1_220' title='bbox 1802 2538 1882 2595; x_wconf 85' lang='lat'><strong>29</strong></span> <span class='ocrx_word' id='word_1_221' title='bbox 1913 2556 2032 2612; x_wconf 86' lang='lat' dir='ltr'><strong>sqq.</strong></span> <span class='ocrx_word' id='word_1_222' title='bbox 2081 2556 2203 2595; x_wconf 90' lang='lat' dir='ltr'><strong>eum</strong></span> <span class='ocrx_word' id='word_1_223' title='bbox 2249 2548 2422 2595; x_wconf 90' lang='lat' dir='ltr'><strong>aetate</strong></span> <span class='ocrx_word' id='word_1_224' title='bbox 2462 2556 2662 2595; x_wconf 87' lang='lat' dir='ltr'><strong>annum</strong></span> <span class='ocrx_word' id='word_1_225' title='bbox 2695 2556 2744 2594; x_wconf 92' lang='lat' dir='ltr'><strong>u.</strong></span> <span class='ocrx_word' id='word_1_226' title='bbox 2775 2556 2821 2594; x_wconf 89' lang='lat' dir='ltr'><strong>c.</strong></span> <span class='ocrx_word' id='word_1_227' title='bbox 2854 2537 2957 2595; x_wconf 75' lang='grc' dir='ltr'><strong>6ὅὸ</strong></span> 
     </span>
     <span class='ocr_line' id='line_1_24' title="bbox 699 2622 2959 2697; baseline -0.002 -16"><span class='ocrx_word' id='word_1_228' title='bbox 699 2626 1013 2681; x_wconf 79' lang='lat' dir='ltr'><strong>excessisse.</strong></span> <span class='ocrx_word' id='word_1_229' title='bbox 1057 2655 1141 2663; x_wconf 91' lang='lat'>—</span> <span class='ocrx_word' id='word_1_230' title='bbox 1184 2633 1427 2679; x_wconf 89' lang='lat' dir='ltr'><strong>ceterum</strong></span> <span class='ocrx_word' id='word_1_231' title='bbox 1472 2625 1526 2679; x_wconf 93' lang='lat' dir='ltr'><strong>in</strong></span> <span class='ocrx_word' id='word_1_232' title='bbox 1570 2622 1719 2678; x_wconf 85' lang='lat' dir='ltr'><strong>libris</strong></span> <span class='ocrx_word' id='word_1_233' title='bbox 1750 2622 1817 2679; x_wconf 86' lang='lat' dir='ltr'><strong>de</strong></span> <span class='ocrx_word' id='word_1_234' title='bbox 1847 2634 2088 2694; x_wconf 87' lang='lat' dir='ltr'><strong>oratore,</strong></span> <span class='ocrx_word' id='word_1_235' title='bbox 2133 2641 2272 2697; x_wconf 92' lang='lat' dir='ltr'><strong>quos</strong></span> <span class='ocrx_word' id='word_1_236' title='bbox 2316 2642 2362 2679; x_wconf 90' lang='lat' dir='ltr'><strong>a.</strong></span> <span class='ocrx_word' id='word_1_237' title='bbox 2395 2640 2439 2679; x_wconf 86' lang='lat' dir='ltr'><strong>a.</strong></span> <span class='ocrx_word' id='word_1_238' title='bbox 2487 2623 2613 2679; x_wconf 87' lang='lat' dir='ltr'><strong>Chr.</strong></span> <span class='ocrx_word' id='word_1_239' title='bbox 2649 2623 2725 2680; x_wconf 88' lang='lat'><strong>91</strong></span> <span class='ocrx_word' id='word_1_240' title='bbox 2773 2623 2959 2679; x_wconf 84' lang='lat' dir='ltr'><strong>habitos</strong></span> 
     </span>
     <span class='ocr_line' id='line_1_25' title="bbox 702 2706 2958 2783; baseline 0 -19"><span class='ocrx_word' id='word_1_241' title='bbox 702 2710 855 2783; x_wconf 83' lang='lat' dir='ltr'><strong>tingit</strong></span> <span class='ocrx_word' id='word_1_242' title='bbox 885 2708 1093 2766; x_wconf 88' lang='lat' dir='ltr'><strong>Tullius</strong></span> <span class='ocrx_word' id='word_1_243' title='bbox 1125 2707 1385 2763; x_wconf 88' lang='lat' dir='ltr'><strong>Lucilium</strong></span> <span class='ocrx_word' id='word_1_244' title='bbox 1432 2716 1707 2763; x_wconf 88' lang='lat' dir='ltr'><strong>mortuum</strong></span> <span class='ocrx_word' id='word_1_245' title='bbox 1754 2710 1902 2781; x_wconf 84' lang='lat' dir='ltr'><strong>tangi</strong></span> <span class='ocrx_word' id='word_1_246' title='bbox 1948 2726 1974 2763; x_wconf 93' lang='lat' dir='ltr'><strong>a</strong></span> <span class='ocrx_word' id='word_1_247' title='bbox 2007 2708 2198 2765; x_wconf 89' lang='lat' dir='ltr'><strong>Crasso</strong></span> <span class='ocrx_word' id='word_1_248' title='bbox 2243 2710 2397 2765; x_wconf 88' lang='lat' dir='ltr'><strong>cuius</strong></span> <span class='ocrx_word' id='word_1_249' title='bbox 2441 2717 2570 2764; x_wconf 90' lang='lat' dir='ltr'><strong>sunt</strong></span> <span class='ocrx_word' id='word_1_250' title='bbox 2615 2707 2768 2763; x_wconf 88' lang='lat' dir='ltr'><strong>verba</strong></span> <span class='ocrx_word' id='word_1_251' title='bbox 2796 2706 2835 2779; x_wconf 85' lang='lat' dir='ltr'><strong>l,</strong></span> <span class='ocrx_word' id='word_1_252' title='bbox 2868 2708 2958 2773; x_wconf 90' lang='grc'><strong>16;</strong></span> 
     </span>
     <span class='ocr_line' id='line_1_26' title="bbox 699 2792 2960 2866; baseline -0.001 -17"><span class='ocrx_word' id='word_1_253' title='bbox 699 2794 761 2866; x_wconf 89' lang='lat' dir='ltr'><strong>lt,</strong></span> <span class='ocrx_word' id='word_1_254' title='bbox 810 2796 845 2852; x_wconf 83' lang='lat'>6</span> <span class='ocrx_word' id='word_1_255' title='bbox 892 2797 995 2850; x_wconf 85' lang='lat' dir='ltr'><strong>sed</strong></span> <span class='ocrx_word' id='word_1_256' title='bbox 1036 2802 1099 2850; x_wconf 83' lang='lat' dir='ltr'><strong>ut</strong></span> <span class='ocrx_word' id='word_1_257' title='bbox 1143 2794 1360 2849; x_wconf 79' lang='lat' dir='ltr'><strong>solebat</strong></span> <span class='ocrx_word' id='word_1_258' title='bbox 1406 2793 1464 2849; x_wconf 84' lang='lat'><strong>0.</strong></span> <span class='ocrx_word' id='word_1_259' title='bbox 1509 2793 1769 2850; x_wconf 78' lang='lat' dir='ltr'><strong>Lucilius</strong></span> <span class='ocrx_word' id='word_1_260' title='bbox 1812 2809 1990 2865; x_wconf 84' lang='lat' dir='ltr'><strong>saepe</strong></span> <span class='ocrx_word' id='word_1_261' title='bbox 2032 2795 2258 2857; x_wconf 83' lang='lat' dir='ltr'><strong>dicere,·</strong></span> <span class='ocrx_word' id='word_1_262' title='bbox 2308 2802 2369 2849; x_wconf 80' lang='lat' dir='ltr'><strong>ut</strong></span> <span class='ocrx_word' id='word_1_263' title='bbox 2415 2792 2474 2848; x_wconf 86' lang='lat' dir='ltr'><strong>C.</strong></span> <span class='ocrx_word' id='word_1_264' title='bbox 2522 2793 2779 2850; x_wconf 77' lang='lat' dir='ltr'><strong>Lucilius</strong></span> <span class='ocrx_word' id='word_1_265' title='bbox 2818 2794 2960 2849; x_wconf 81' lang='lat' dir='ltr'><strong>homo</strong></span> 
     </span>
     <span class='ocr_line' id='line_1_27' title="bbox 698 2875 2959 2951; baseline -0.002 -16"><span class='ocrx_word' id='word_1_266' title='bbox 698 2882 898 2936; x_wconf 80' lang='lat' dir='ltr'><strong>doctus</strong></span> <span class='ocrx_word' id='word_1_267' title='bbox 950 2887 1005 2935; x_wconf 83' lang='lat' dir='ltr'><strong>et</strong></span> <span class='ocrx_word' id='word_1_268' title='bbox 1057 2879 1432 2950; x_wconf 84' lang='lat' dir='ltr'><strong>perurbunus</strong></span> <span class='ocrx_word' id='word_1_269' title='bbox 1484 2878 1703 2934; x_wconf 83' lang='lat' dir='ltr'><strong>solebat</strong></span> <span class='ocrx_word' id='word_1_270' title='bbox 1758 2879 1955 2934; x_wconf 82' lang='lat' dir='ltr'><strong>dicere</strong></span> <span class='ocrx_word' id='word_1_271' title='bbox 2008 2888 2337 2934; x_wconf 83' lang='lat' dir='ltr'><strong>annotarunt</strong></span> <span class='ocrx_word' id='word_1_272' title='bbox 2391 2877 2654 2951; x_wconf 86' lang='lat' dir='ltr'><strong>plerique.</strong></span> <span class='ocrx_word' id='word_1_273' title='bbox 2699 2908 2782 2919; x_wconf 92' lang='lat'>—</span> <span class='ocrx_word' id='word_1_274' title='bbox 2833 2875 2959 2950; x_wconf 89' lang='lat' dir='ltr'><strong>quod</strong></span> 
     </span>
     <span class='ocr_line' id='line_1_28' title="bbox 699 2961 2958 3037; baseline -0.003 -17"><span class='ocrx_word' id='word_1_275' title='bbox 699 2973 885 3021; x_wconf 90' lang='lat' dir='ltr'><strong>contra</strong></span> <span class='ocrx_word' id='word_1_276' title='bbox 932 2965 1014 3018; x_wconf 86' lang='lat' dir='ltr'><strong>vix</strong></span> <span class='ocrx_word' id='word_1_277' title='bbox 1058 2973 1186 3018; x_wconf 91' lang='lat' dir='ltr'><strong>sunt</strong></span> <span class='ocrx_word' id='word_1_278' title='bbox 1232 2962 1381 3037; x_wconf 85' lang='lat' dir='ltr'><strong>digni</strong></span> <span class='ocrx_word' id='word_1_279' title='bbox 1414 2964 1508 3035; x_wconf 91' lang='lat' dir='ltr'><strong>qui</strong></span> <span class='ocrx_word' id='word_1_280' title='bbox 1542 2962 1860 3018; x_wconf 76' lang='lat' dir='ltr'><strong>resellantur</strong></span> <span class='ocrx_word' id='word_1_281' title='bbox 1904 2966 1994 3035; x_wconf 86' lang='lat' dir='ltr'><strong>qui</strong></span> <span class='ocrx_word' id='word_1_282' title='bbox 2039 2972 2278 3019; x_wconf 84' lang='lat' dir='ltr'><strong>statuere</strong></span> <span class='ocrx_word' id='word_1_283' title='bbox 2322 2979 2507 3018; x_wconf 86' lang='lat' dir='ltr'><strong>revera</strong></span> <span class='ocrx_word' id='word_1_284' title='bbox 2541 2961 2796 3019; x_wconf 88' lang='lat' dir='ltr'><strong>Lucilium</strong></span> <span class='ocrx_word' id='word_1_285' title='bbox 2837 2976 2958 3017; x_wconf 89' lang='lat' dir='ltr'><strong>anno</strong></span> 
     </span>
     <span class='ocr_line' id='line_1_29' title="bbox 702 3046 2959 3121; baseline -0.003 -18"><span class='ocrx_word' id='word_1_286' title='bbox 702 3049 891 3103; x_wconf 89' lang='lat' dir='ltr'><strong>aetatis</strong></span> <span class='ocrx_word' id='word_1_287' title='bbox 938 3047 1087 3102; x_wconf 74' lang='lat' dir='ltr'><strong>vat</strong></span> <span class='ocrx_word' id='word_1_288' title='bbox 1135 3047 1272 3103; x_wconf 87' lang='lat' dir='ltr'><strong>diem</strong></span> <span class='ocrx_word' id='word_1_289' title='bbox 1320 3046 1516 3102; x_wconf 88' lang='lat' dir='ltr'><strong>obisse.</strong></span> <span class='ocrx_word' id='word_1_290' title='bbox 1564 3077 1642 3085; x_wconf 92' lang='lat'><em>-</em></span> <span class='ocrx_word' id='word_1_291' title='bbox 1693 3065 1754 3103; x_wconf 89' lang='lat' dir='ltr'><strong>ac</strong></span> <span class='ocrx_word' id='word_1_292' title='bbox 1799 3048 2025 3121; x_wconf 85' lang='lat' dir='ltr'><strong>primum</strong></span> <span class='ocrx_word' id='word_1_293' title='bbox 2073 3047 2288 3120; x_wconf 90' lang='lat' dir='ltr'><strong>quidem</strong></span> <span class='ocrx_word' id='word_1_294' title='bbox 2335 3046 2538 3103; x_wconf 86' lang='lat' dir='ltr'><strong>Horatii</strong></span> <span class='ocrx_word' id='word_1_295' title='bbox 2593 3065 2620 3102; x_wconf 96' lang='lat' dir='ltr'><strong>a</strong></span> <span class='ocrx_word' id='word_1_296' title='bbox 2668 3065 2773 3121; x_wconf 91' lang='lat' dir='ltr'><strong>quo</strong></span> <span class='ocrx_word' id='word_1_297' title='bbox 2815 3060 2959 3101; x_wconf 82' lang='lat' dir='ltr'><strong>senex</strong></span> 
     </span>
     <span class='ocr_line' id='line_1_30' title="bbox 701 3131 2959 3207; baseline -0.001 -22"><span class='ocrx_word' id='word_1_298' title='bbox 701 3142 922 3187; x_wconf 89' lang='lat' dir='ltr'><strong>vocatur</strong></span> <span class='ocrx_word' id='word_1_299' title='bbox 968 3131 1124 3187; x_wconf 87' lang='lat' dir='ltr'><strong>tidem</strong></span> <span class='ocrx_word' id='word_1_300' title='bbox 1168 3134 1241 3187; x_wconf 91' lang='lat' dir='ltr'><strong>ita</strong></span> <span class='ocrx_word' id='word_1_301' title='bbox 1286 3131 1526 3203; x_wconf 80' lang='lat' dir='ltr'><strong>elevant,</strong></span> <span class='ocrx_word' id='word_1_302' title='bbox 1584 3141 1647 3187; x_wconf 90' lang='lat' dir='ltr'><strong>ut</strong></span> <span class='ocrx_word' id='word_1_303' title='bbox 1705 3131 1881 3187; x_wconf 91' lang='lat' dir='ltr'><strong>dicant</strong></span> <span class='ocrx_word' id='word_1_304' title='bbox 1934 3133 2175 3205; x_wconf 83' lang='lat' dir='ltr'><strong>quemvis</strong></span> <span class='ocrx_word' id='word_1_305' title='bbox 2229 3135 2508 3207; x_wconf 88' lang='lat' dir='ltr'><strong>antiquum</strong></span> <span class='ocrx_word' id='word_1_306' title='bbox 2564 3133 2873 3205; x_wconf 86' lang='lat' dir='ltr'><strong>scriptorem</strong></span> <span class='ocrx_word' id='word_1_307' title='bbox 2913 3139 2959 3184; x_wconf 88' lang='lat' dir='ltr'><strong>et</strong></span> 
     </span>
     <span class='ocr_line' id='line_1_31' title="bbox 698 3215 2959 3292; baseline -0.003 -19"><span class='ocrx_word' id='word_1_308' title='bbox 698 3235 861 3292; x_wconf 87' lang='lat' dir='ltr'><strong>posse</strong></span> <span class='ocrx_word' id='word_1_309' title='bbox 906 3226 960 3273; x_wconf 92' lang='lat' dir='ltr'><strong>et</strong></span> <span class='ocrx_word' id='word_1_310' title='bbox 1004 3216 1182 3273; x_wconf 89' lang='lat' dir='ltr'><strong>solere</strong></span> <span class='ocrx_word' id='word_1_311' title='bbox 1226 3215 1329 3271; x_wconf 90' lang='lat' dir='ltr'><strong>dici</strong></span> <span class='ocrx_word' id='word_1_312' title='bbox 1375 3232 1577 3271; x_wconf 88' lang='lat' dir='ltr'><strong>senem.</strong></span> <span class='ocrx_word' id='word_1_313' title='bbox 1641 3216 1818 3272; x_wconf 89' lang='lat' dir='ltr'><strong>audio.</strong></span> <span class='ocrx_word' id='word_1_314' title='bbox 1878 3217 1973 3272; x_wconf 91' lang='lat' dir='ltr'><strong>sed</strong></span> <span class='ocrx_word' id='word_1_315' title='bbox 2023 3215 2178 3271; x_wconf 88' lang='lat' dir='ltr'><strong>verba</strong></span> <span class='ocrx_word' id='word_1_316' title='bbox 2223 3215 2340 3292; x_wconf 87' lang='lat' dir='ltr'><strong>ipsa</strong></span> <span class='ocrx_word' id='word_1_317' title='bbox 2384 3215 2555 3272; x_wconf 83' lang='lat' dir='ltr'><strong>Flacci</strong></span> <span class='ocrx_word' id='word_1_318' title='bbox 2601 3218 2865 3273; x_wconf 91' lang='lat' dir='ltr'><strong>notissima</strong></span> <span class='ocrx_word' id='word_1_319' title='bbox 2892 3216 2959 3269; x_wconf 93' lang='lat' dir='ltr'><strong>in·</strong></span> 
     </span>
     <span class='ocr_line' id='line_1_32' title="bbox 700 3300 2959 3379; baseline -0.002 -23"><span class='ocrx_word' id='word_1_320' title='bbox 700 3304 945 3379; x_wconf 80' lang='lat' dir='ltr'><strong>spicienti</strong></span> <span class='ocrx_word' id='word_1_321' title='bbox 991 3301 1143 3357; x_wconf 76' lang='lat' dir='ltr'><strong>facile</strong></span> <span class='ocrx_word' id='word_1_322' title='bbox 1189 3301 1462 3375; x_wconf 88' lang='lat' dir='ltr'><strong>apparebit</strong></span> <span class='ocrx_word' id='word_1_323' title='bbox 1505 3303 1651 3357; x_wconf 89' lang='lat' dir='ltr'><strong>senis</strong></span> <span class='ocrx_word' id='word_1_324' title='bbox 1685 3300 1997 3357; x_wconf 88' lang='lat' dir='ltr'><strong>vocabulum</strong></span> <span class='ocrx_word' id='word_1_325' title='bbox 2044 3310 2098 3356; x_wconf 92' lang='lat' dir='ltr'><strong>et</strong></span> <span class='ocrx_word' id='word_1_326' title='bbox 2141 3318 2531 3375; x_wconf 87' lang='lat' dir='ltr'><strong>supervacuum</strong></span> <span class='ocrx_word' id='word_1_327' title='bbox 2572 3318 2796 3374; x_wconf 88' lang='lat' dir='ltr'><strong>prorsus</strong></span> <span class='ocrx_word' id='word_1_328' title='bbox 2835 3314 2959 3367; x_wconf 87' lang='lat' dir='ltr'><strong>esse,</strong></span> 
     </span>
     <span class='ocr_line' id='line_1_33' title="bbox 703 3382 2961 3461; baseline -0.003 -19"><span class='ocrx_word' id='word_1_329' title='bbox 703 3388 804 3442; x_wconf 89' lang='lat' dir='ltr'><strong>boc</strong></span> <span class='ocrx_word' id='word_1_330' title='bbox 856 3404 1017 3442; x_wconf 87' lang='lat' dir='ltr'><strong>sensu</strong></span> <span class='ocrx_word' id='word_1_331' title='bbox 1062 3389 1107 3441; x_wconf 92' lang='lat' dir='ltr'><strong>si</strong></span> <span class='ocrx_word' id='word_1_332' title='bbox 1163 3387 1399 3461; x_wconf 89' lang='lat' dir='ltr'><strong>positum</strong></span> <span class='ocrx_word' id='word_1_333' title='bbox 1444 3387 1716 3441; x_wconf 86' lang='lat' dir='ltr'><strong>existimes</strong></span> <span class='ocrx_word' id='word_1_334' title='bbox 1761 3386 1882 3442; x_wconf 87' lang='lat' dir='ltr'><strong>loco</strong></span> <span class='ocrx_word' id='word_1_335' title='bbox 1927 3386 2054 3457; x_wconf 84' lang='lat' dir='ltr'><strong>illo,</strong></span> <span class='ocrx_word' id='word_1_336' title='bbox 2112 3394 2166 3443; x_wconf 90' lang='lat' dir='ltr'><strong>et</strong></span> <span class='ocrx_word' id='word_1_337' title='bbox 2210 3386 2576 3459; x_wconf 84' lang='lat' dir='ltr'><strong>aptissimum,</strong></span> <span class='ocrx_word' id='word_1_338' title='bbox 2628 3388 2675 3442; x_wconf 92' lang='lat' dir='ltr'><strong>si</strong></span> <span class='ocrx_word' id='word_1_339' title='bbox 2718 3382 2961 3441; x_wconf 88' lang='lat' dir='ltr'><strong>communi</strong></span> 
     </span>
     <span class='ocr_line' id='line_1_34' title="bbox 702 3468 2960 3545; baseline -0.002 -19"><span class='ocrx_word' id='word_1_340' title='bbox 702 3489 763 3526; x_wconf 83' lang='lat' dir='ltr'><strong>ar.</strong></span> <span class='ocrx_word' id='word_1_341' title='bbox 809 3472 1029 3545; x_wconf 77' lang='lat' dir='ltr'><strong>vulgato</strong></span> <span class='ocrx_word' id='word_1_342' title='bbox 1074 3473 1217 3527; x_wconf 89' lang='lat' dir='ltr'><strong>inter</strong></span> <span class='ocrx_word' id='word_1_343' title='bbox 1261 3486 1468 3526; x_wconf 91' lang='lat' dir='ltr'><strong>omnes.</strong></span> <span class='ocrx_word' id='word_1_344' title='bbox 1537 3472 1659 3543; x_wconf 89' lang='lat' dir='ltr'><strong>quis</strong></span> <span class='ocrx_word' id='word_1_345' title='bbox 1704 3473 1843 3526; x_wconf 91' lang='lat' dir='ltr'><strong>enim</strong></span> <span class='ocrx_word' id='word_1_346' title='bbox 1890 3471 2079 3527; x_wconf 89' lang='lat' dir='ltr'><strong>melius</strong></span> <span class='ocrx_word' id='word_1_347' title='bbox 2125 3488 2283 3545; x_wconf 90' lang='lat' dir='ltr'><strong>quam</strong></span> <span class='ocrx_word' id='word_1_348' title='bbox 2327 3479 2542 3528; x_wconf 84' lang='lat' dir='ltr'><strong>exactae</strong></span> <span class='ocrx_word' id='word_1_349' title='bbox 2588 3471 2750 3527; x_wconf 85' lang='lat' dir='ltr'><strong>bomo</strong></span> <span class='ocrx_word' id='word_1_350' title='bbox 2791 3468 2960 3527; x_wconf 82' lang='lat' dir='ltr'><strong>aetatis</strong></span> 
     </span>
     <span class='ocr_line' id='line_1_35' title="bbox 701 3550 2960 3630; baseline -0.003 -20"><span class='ocrx_word' id='word_1_351' title='bbox 701 3556 912 3612; x_wconf 84' lang='lat' dir='ltr'><strong>dicetur</strong></span> <span class='ocrx_word' id='word_1_352' title='bbox 957 3555 1131 3611; x_wconf 86' lang='lat' dir='ltr'><strong>tabula</strong></span> <span class='ocrx_word' id='word_1_353' title='bbox 1178 3555 1339 3612; x_wconf 87' lang='lat' dir='ltr'><strong>veluti</strong></span> <span class='ocrx_word' id='word_1_354' title='bbox 1389 3557 1560 3611; x_wconf 90' lang='lat' dir='ltr'><strong>votiva</strong></span> <span class='ocrx_word' id='word_1_355' title='bbox 1607 3557 1764 3610; x_wconf 89' lang='lat' dir='ltr'><strong>vitam</strong></span> <span class='ocrx_word' id='word_1_356' title='bbox 1809 3572 1959 3610; x_wconf 87' lang='lat' dir='ltr'><strong>suam</strong></span> <span class='ocrx_word' id='word_1_357' title='bbox 2003 3565 2171 3612; x_wconf 88' lang='lat' dir='ltr'><strong>totam</strong></span> <span class='ocrx_word' id='word_1_358' title='bbox 2218 3557 2556 3630; x_wconf 87' lang='lat' dir='ltr'><strong>praeteritam</strong></span> <span class='ocrx_word' id='word_1_359' title='bbox 2600 3550 2960 3629; x_wconf 82' lang='lat' dir='ltr'><strong>descripsisse?</strong></span> 
     </span>
     <span class='ocr_line' id='line_1_36' title="bbox 710 3638 2962 3713; baseline -0.002 -19"><span class='ocrx_word' id='word_1_360' title='bbox 710 3640 1026 3713; x_wconf 69' lang='lat' dir='ltr'><strong>—-‚quodsi</strong></span> <span class='ocrx_word' id='word_1_361' title='bbox 1082 3656 1266 3696; x_wconf 88' lang='lat' dir='ltr'><strong>revera</strong></span> <span class='ocrx_word' id='word_1_362' title='bbox 1309 3638 1567 3696; x_wconf 85' lang='lat' dir='ltr'><strong>Lucilium</strong></span> <span class='ocrx_word' id='word_1_363' title='bbox 1626 3657 1672 3694; x_wconf 91' lang='lat' dir='ltr'><strong>a.</strong></span> <span class='ocrx_word' id='word_1_364' title='bbox 1722 3657 1772 3695; x_wconf 91' lang='lat' dir='ltr'><strong>u.</strong></span> <span class='ocrx_word' id='word_1_365' title='bbox 1824 3639 1944 3698; x_wconf 89' lang='grc'><strong>606</strong></span> <span class='ocrx_word' id='word_1_366' title='bbox 2002 3650 2184 3696; x_wconf 90' lang='lat' dir='ltr'><strong>natum</strong></span> <span class='ocrx_word' id='word_1_367' title='bbox 2237 3638 2687 3713; x_wconf 81' lang='lat' dir='ltr'><strong>existimabimus,</strong></span> <span class='ocrx_word' id='word_1_368' title='bbox 2740 3639 2962 3713; x_wconf 88' lang='lat' dir='ltr'><strong>seqnitur</strong></span> 
     </span>
     <span class='ocr_line' id='line_1_37' title="bbox 703 3722 2955 3782; baseline -0.002 -4"><span class='ocrx_word' id='word_1_369' title='bbox 703 3740 823 3779; x_wconf 89' lang='lat' dir='ltr'><strong>enm</strong></span> <span class='ocrx_word' id='word_1_370' title='bbox 881 3741 999 3778; x_wconf 90' lang='lat' dir='ltr'><strong>cum</strong></span> <span class='ocrx_word' id='word_1_371' title='bbox 1058 3722 1188 3779; x_wconf 89' lang='lat' dir='ltr'><strong>obiit</strong></span> <span class='ocrx_word' id='word_1_372' title='bbox 1245 3724 1301 3780; x_wconf 86' lang='lat' dir='ltr'><strong>P.</strong></span> <span class='ocrx_word' id='word_1_373' title='bbox 1361 3724 1644 3781; x_wconf 75' lang='lat' dir='ltr'><strong>Africanus</strong></span> <span class='ocrx_word' id='word_1_374' title='bbox 1712 3724 2175 3781; x_wconf 88' lang='lat' dir='ltr'><strong>adulescentulum</strong></span> <span class='ocrx_word' id='word_1_375' title='bbox 2231 3724 2398 3782; x_wconf 77' lang='lat' dir='ltr'><strong>fuisse</strong></span> <span class='ocrx_word' id='word_1_376' title='bbox 2455 3724 2631 3781; x_wconf 86' lang='lat' dir='ltr'><strong>xvntt</strong></span> <span class='ocrx_word' id='word_1_377' title='bbox 2701 3738 2955 3781; x_wconf 87' lang='lat' dir='ltr'><strong>annorum.</strong></span> 
     </span>
    </p>
   </div>
   <div class='ocr_carea' id='block_1_5' title="bbox 703 3808 3062 3881">
    <p class='ocr_par' dir='ltr' id='par_1_6' title="bbox 703 3808 3062 3881">
     <span class='ocr_line' id='line_1_38' title="bbox 703 3808 3062 3881; baseline -0.002 -18"><span class='ocrx_word' id='word_1_378' title='bbox 703 3809 851 3881; x_wconf 85' lang='lat' dir='ltr'><strong>atqui</strong></span> <span class='ocrx_word' id='word_1_379' title='bbox 896 3824 1005 3863; x_wconf 91' lang='lat' dir='ltr'><strong>non</strong></span> <span class='ocrx_word' id='word_1_380' title='bbox 1051 3825 1171 3863; x_wconf 89' lang='lat' dir='ltr'><strong>cum</strong></span> <span class='ocrx_word' id='word_1_381' title='bbox 1217 3808 1623 3865; x_wconf 87' lang='lat' dir='ltr'><strong>adulescentulo</strong></span> <span class='ocrx_word' id='word_1_382' title='bbox 1683 3809 1778 3865; x_wconf 90' lang='lat' dir='ltr'><strong>sed</strong></span> <span class='ocrx_word' id='word_1_383' title='bbox 1835 3826 1955 3865; x_wconf 83' lang='lat' dir='ltr'><strong>cum</strong></span> <span class='ocrx_word' id='word_1_384' title='bbox 2002 3812 2116 3866; x_wconf 89' lang='lat' dir='ltr'><strong>viro</strong></span> <span class='ocrx_word' id='word_1_385' title='bbox 2173 3819 2228 3866; x_wconf 90' lang='lat' dir='ltr'><strong>et</strong></span> <span class='ocrx_word' id='word_1_386' title='bbox 2272 3812 2498 3866; x_wconf 83' lang='lat' dir='ltr'><strong>amicitia</strong></span> <span class='ocrx_word' id='word_1_387' title='bbox 2556 3809 2720 3867; x_wconf 77' lang='lat' dir='ltr'><strong>luisse</strong></span> <span class='ocrx_word' id='word_1_388' title='bbox 2772 3811 2959 3865; x_wconf 89' lang='lat' dir='ltr'><strong>iunctos</strong></span> <span class='ocrx_word' id='word_1_389' title='bbox 3051 3836 3062 3851; x_wconf 87' lang='lat'><strong>·</strong></span> 
     </span>
    </p>
   </div>
   <div class='ocr_carea' id='block_1_6' title="bbox 703 3890 2958 4034">
    <p class='ocr_par' dir='ltr' id='par_1_7' title="bbox 703 3890 2958 4034">
     <span class='ocr_line' id='line_1_39' title="bbox 703 3890 2958 3970; baseline 0.001 -22"><span class='ocrx_word' id='word_1_390' title='bbox 703 3903 756 3948; x_wconf 89' lang='lat' dir='ltr'><strong>et</strong></span> <span class='ocrx_word' id='word_1_391' title='bbox 802 3892 1029 3947; x_wconf 86' lang='lat' dir='ltr'><strong>subinde</strong></span> <span class='ocrx_word' id='word_1_392' title='bbox 1074 3909 1457 3965; x_wconf 79' lang='lat' dir='ltr'><strong>repuerascere</strong></span> <span class='ocrx_word' id='word_1_393' title='bbox 1501 3895 1694 3950; x_wconf 90' lang='lat' dir='ltr'><strong>solitos</strong></span> <span class='ocrx_word' id='word_1_394' title='bbox 1740 3895 2045 3968; x_wconf 86' lang='lat' dir='ltr'><strong>Scipionem</strong></span> <span class='ocrx_word' id='word_1_395' title='bbox 2101 3913 2161 3952; x_wconf 87' lang='lat' dir='ltr'><strong>ac</strong></span> <span class='ocrx_word' id='word_1_396' title='bbox 2217 3894 2450 3951; x_wconf 86' lang='lat' dir='ltr'><strong>Laelium</strong></span> <span class='ocrx_word' id='word_1_397' title='bbox 2507 3897 2834 3970; x_wconf 88' lang='lat' dir='ltr'><strong>apertissime</strong></span> <span class='ocrx_word' id='word_1_398' title='bbox 2884 3890 2958 3945; x_wconf 71' lang='lat' dir='ltr'><strong>de·</strong></span> 
     </span>
     <span class='ocr_line' id='line_1_40' title="bbox 706 3976 1453 4034; baseline 0 -1"><span class='ocrx_word' id='word_1_399' title='bbox 706 3986 1006 4033; x_wconf 90' lang='lat' dir='ltr'><strong>monstrant</strong></span> <span class='ocrx_word' id='word_1_400' title='bbox 1054 3976 1208 4033; x_wconf 85' lang='lat' dir='ltr'><strong>verba</strong></span> <span class='ocrx_word' id='word_1_401' title='bbox 1256 3976 1453 4034; x_wconf 83' lang='lat' dir='ltr'><strong>Flacci:</strong></span> 
     </span>
    </p>
   </div>
   <div class='ocr_carea' id='block_1_7' title="bbox 957 4115 2599 4446">
    <p class='ocr_par' dir='ltr' id='par_1_8' title="bbox 957 4115 2599 4279">
     <span class='ocr_line' id='line_1_41' title="bbox 958 4115 2599 4192; baseline 0.003 -20"><span class='ocrx_word' id='word_1_402' title='bbox 958 4118 1087 4190; x_wconf 89' lang='lat' dir='ltr'><strong>quin</strong></span> <span class='ocrx_word' id='word_1_403' title='bbox 1135 4115 1221 4172; x_wconf 84' lang='lat' dir='ltr'><strong>ubi</strong></span> <span class='ocrx_word' id='word_1_404' title='bbox 1265 4133 1324 4172; x_wconf 91' lang='lat' dir='ltr'><strong>se</strong></span> <span class='ocrx_word' id='word_1_405' title='bbox 1369 4133 1395 4171; x_wconf 90' lang='lat' dir='ltr'><strong>a</strong></span> <span class='ocrx_word' id='word_1_406' title='bbox 1441 4117 1605 4192; x_wconf 87' lang='lat' dir='ltr'><strong>vulgo</strong></span> <span class='ocrx_word' id='word_1_407' title='bbox 1652 4127 1707 4174; x_wconf 91' lang='lat' dir='ltr'><strong>et</strong></span> <span class='ocrx_word' id='word_1_408' title='bbox 1748 4136 1938 4176; x_wconf 88' lang='lat' dir='ltr'><strong>scaena</strong></span> <span class='ocrx_word' id='word_1_409' title='bbox 1982 4121 2034 4176; x_wconf 90' lang='lat' dir='ltr'><strong>in</strong></span> <span class='ocrx_word' id='word_1_410' title='bbox 2077 4130 2286 4177; x_wconf 90' lang='lat' dir='ltr'><strong>secreta</strong></span> <span class='ocrx_word' id='word_1_411' title='bbox 2329 4129 2599 4177; x_wconf 84' lang='lat' dir='ltr'><strong>remorant</strong></span> 
     </span>
     <span class='ocr_line' id='line_1_42' title="bbox 957 4200 2253 4279; baseline 0.005 -23"><span class='ocrx_word' id='word_1_412' title='bbox 957 4205 1126 4257; x_wconf 89' lang='lat' dir='ltr'><strong>virtus</strong></span> <span class='ocrx_word' id='word_1_413' title='bbox 1171 4200 1444 4277; x_wconf 88' lang='lat' dir='ltr'><strong>Scipiadae</strong></span> <span class='ocrx_word' id='word_1_414' title='bbox 1489 4211 1543 4257; x_wconf 93' lang='lat' dir='ltr'><strong>et</strong></span> <span class='ocrx_word' id='word_1_415' title='bbox 1590 4206 1732 4260; x_wconf 89' lang='lat' dir='ltr'><strong>mitis</strong></span> <span class='ocrx_word' id='word_1_416' title='bbox 1776 4206 2035 4279; x_wconf 88' lang='lat' dir='ltr'><strong>sapientia</strong></span> <span class='ocrx_word' id='word_1_417' title='bbox 2080 4203 2253 4279; x_wconf 82' lang='lat' dir='ltr'><strong>Laeli,</strong></span> 
     </span>
    </p>

    <p class='ocr_par' dir='ltr' id='par_1_9' title="bbox 958 4286 2324 4446">
     <span class='ocr_line' id='line_1_43' title="bbox 958 4286 2324 4363; baseline 0.005 -21"><span class='ocrx_word' id='word_1_418' title='bbox 958 4289 1152 4361; x_wconf 87' lang='lat' dir='ltr'><strong>nugari</strong></span> <span class='ocrx_word' id='word_1_419' title='bbox 1196 4304 1317 4343; x_wconf 91' lang='lat' dir='ltr'><strong>cum</strong></span> <span class='ocrx_word' id='word_1_420' title='bbox 1364 4286 1457 4342; x_wconf 90' lang='lat' dir='ltr'><strong>illo</strong></span> <span class='ocrx_word' id='word_1_421' title='bbox 1503 4296 1556 4342; x_wconf 89' lang='lat' dir='ltr'><strong>ct</strong></span> <span class='ocrx_word' id='word_1_422' title='bbox 1602 4288 1844 4346; x_wconf 80' lang='lat' dir='ltr'><strong>discincti</strong></span> <span class='ocrx_word' id='word_1_423' title='bbox 1890 4288 2104 4363; x_wconf 83' lang='lat' dir='ltr'><strong>ludere,</strong></span> <span class='ocrx_word' id='word_1_424' title='bbox 2150 4290 2324 4348; x_wconf 88' lang='lat' dir='ltr'><strong>donec</strong></span> 
     </span>
     <span class='ocr_line' id='line_1_44' title="bbox 958 4370 1750 4446; baseline -0.001 -18"><span class='ocrx_word' id='word_1_425' title='bbox 958 4371 1355 4446; x_wconf 86' lang='lat' dir='ltr'><strong>decoqueretur</strong></span> <span class='ocrx_word' id='word_1_426' title='bbox 1398 4370 1537 4444; x_wconf 90' lang='lat' dir='ltr'><strong>olus,</strong></span> <span class='ocrx_word' id='word_1_427' title='bbox 1586 4373 1750 4432; x_wconf 87' lang='lat' dir='ltr'><strong>soliti.</strong></span> 
     </span>
    </p>
   </div>
   <div class='ocr_carea' id='block_1_8' title="bbox 756 4824 757 5044">
    <p class='ocr_par' dir='ltr' id='par_1_10' title="bbox 756 4824 757 5044">
     <span class='ocr_line' id='line_1_45' title="bbox 756 4824 757 5044; baseline 0 31"><span class='ocrx_word' id='word_1_428' title='bbox 756 4824 757 5044; x_wconf 95' lang='lat' dir='ltr'><strong> </strong></span> 
     </span>
    </p>
   </div>
  </div>
 </body>
</html>
