3267 5075
687 371 774 436 94
1588 374 1806 428 LIBER
1843 373 2065 429 XXVII.

1616 536 1898 602 XXVIII
1972 538 2012 602 9

732 652 819 717 35
864 652 946 716 ile
975 656 1200 717 contra
1227 652 1446 717 omnia
1473 654 1642 717 inter
1669 655 1882 736 plures
1913 540 2152 717 ssHJSim
2181 657 2246 718 elz
2273 654 2687 737 pedetemtim
2714 657 2767 721 it
2793 656 2967 741 foras,

867 790 1139 852 nequem
1184 768 1397 831 laedat
1440 818 2094 838 -----------

1628 882 1846 946 XXIX
1894 885 2032 964 [13]

864 999 1073 1081 paulo.
1119 998 1242 1062 hoc
1307 999 1533 1063 melius
1602 1021 1797 1083 quam
1865 999 2212 1083 mediocre,
2285 1000 2408 1065 hoc
2472 1000 2669 1068 minu’
2737 995 2967 1066 nialum

1539 1118 1799 1198 quamst
1842 1136 2229 1198 pessumum.

1644 1228 1827 1293 XXX
1876 1226 2009 1315 [25]

867 1346 1166 1409 insanum
1212 1349 1446 1409 vocant
1456 1396 1470 1426 ,
1518 1366 1706 1427 quem
1752 1346 2019 1409 maltam
2067 1365 2141 1409 ac
2186 1346 2494 1410 feminam
2541 1347 2669 1411 dici
2715 1347 2944 1412 vident.

1627 1458 1841 1523 XXXI
1888 1461 2027 1541 [19]

866 1599 1027 1660 quae
1073 1575 1323 1659 pietas?
1374 1614 1456 1620 —-
1506 1577 1980 1660 monogrammi
2033 1576 2311 1660 quinque
2369 1575 2627 1640 adducti
2673 1579 2966 1660 pietatem

1538 1694 1789 1755 vocant.

1610 1804 1858 1869 XXXII
1904 1803 2040 1891 [12]

731 1922 820 1984 40
867 1921 1116 2005 ardum,
1177 1923 1506 2006 miserum,
1563 1926 1775 1986 atrum
1830 1921 2034 2005 adque
2089 1922 2308 1985 infelix
2363 1923 2613 2007 lignum
2671 1925 2964 1988 sabucum

1538 2042 1790 2103 vocant.

1618 2152 1899 2216 XXXIII
1946 2154 2041 2233 [ὅ]

863 2317 1457 2338 υυυυυυυυυυ
1501 2274 1572 2333 tu
1618 2269 1949 2352 Lucilium‘

866 2382 1070 2445 credis
1116 2385 1594 2468 contenturum,
1642 2407 1787 2448 cum
1834 2406 1935 2447 me
1981 2383 2288 2466 ruperim,
2337 2356 2590 2447 summa
2636 2386 2850 2449 omnia

864 2497 1123 2562 fecerim
1169 2499 1300 2563 ima
1347 2551 1633 2571 „„„„„
1643 2574 1650 2581 ἡ
1656 2549 2006 2570 υυυυυυ

687 2675 824 2726 lius
863 2683 1171 2739 satyrarum
1208 2660 1302 2725 lif).
1341 2676 1448 2727 V11
1483 2710 1545 2717 -
1588 2676 1752 2726 idem
1786 2672 1879 2725 lib.
1917 2672 2142 2727 XXVII.
2352 2677 2588 2728 XXVIII
2650 2679 2786 2728 Non.
2821 2681 2898 2739 29,
2932 2682 2960 2726 3

686 2745 1115 2808 pedetemtim
1156 2746 1256 2807 (ita
1291 2745 1337 2792 L
1377 2746 1430 2805 13
1468 2744 1946 2810 pedetemptim
1982 2744 2057 2806 G,
2097 2747 2141 2793 L
2177 2743 2250 2807 2),
2285 2751 2343 2794 et
2379 2745 2737 2810 pedepressim
2773 2746 2961 2795 dictum

686 2817 770 2862 est
806 2817 965 2861 caute
1005 2814 1161 2877 quasi
1196 2812 1342 2861 lenta
1365 2817 1420 2860 et
1444 2813 1597 2861 tarda
1622 2813 1807 2861 itione.
1853 2812 1925 2860 M.
1954 2812 2167 2861 Tullius
2196 2839 2250 2848 ·—
2285 2812 2598 2863 Lucilius
2625 2814 2722 2863 lib.
2747 2813 2957 2862 XXVII.

822 2880 1002 2930 XXIX
1064 2880 1204 2929 Non.
1242 2883 1324 2941 29,
1360 2882 1426 2930 25
1462 2881 1905 2930 mediocritas
1942 2880 2169 2929 medium
2206 2880 2315 2929 dici
2351 2880 2525 2931 voluit
2560 2881 2635 2933 M.
2673 2881 2875 2932 Tullius
2897 2907 2959 2915 —-

684 2948 995 2997 Lucilius
1036 2948 1125 3001 lib.
1164 2948 1391 2999 XXVII.
1529 2947 1685 2997 XXX
1743 2947 1883 2997 Non.
1917 2950 2000 3010 37,
2037 2952 2065 2999 7
2103 2948 2343 2999 multas
2381 2947 2589 3009 (altas
2627 2949 2691 3011 G,
2729 2948 2958 2998 multas

687 3017 733 3064 L
770 3018 826 3071 2)
863 3018 1071 3066 veteres
1106 3014 1299 3065 molles
1337 3014 1599 3080 adpellari
1632 3015 1947 3078 voluerunt,
1984 3032 2017 3064 a
2054 3014 2262 3065 Graeco
2301 3017 2458 3080 quasi
2493 3011 2833 3082 μαλθακούς
2866 3014 2959 3078 (ita

636 3101 641 3106 ·
688 3083 905 3146 qnidam
940 3099 1025 3146 ap.
1064 3084 1369 3147 Bentinum,
1408 3082 1707 3133 malacus
1745 3083 1900 3146 odd.).
1971 3084 2274 3134 Lucilius
2310 3083 2406 3132 lib.
2448 3083 2676 3138 XXVII.
2789 3082 2960 3132 Xxxl

684 3151 821 3205 Non,
859 3153 941 3211 37,
985 3154 1041 3199 ll
1083 3167 1126 3201 s.
1163 3166 1213 3199 v,
1253 3152 1716 3215 monogrammi
1753 3179 1816 3185 ——
1855 3151 2170 3201 Lucilius
2204 3151 2298 3200 lib.
2335 3151 2389 3200 11
2426 3178 2489 3186 --
2527 3157 2584 3202 et
2620 3152 2823 3202 XXVII
2857 3150 2958 3213 (vi-

685 3220 929 3267 cesimo
967 3218 1072 3267 VII
1107 3216 1173 3279 G,
1209 3219 1256 3267 L
1295 3218 1361 3273 1).
1501 3219 1712 3268 XXXII
1770 3218 1907 3271 Non.
1945 3221 2026 3278 74,
2063 3222 2130 3267 20
2164 3219 2390 3268 ardum
2431 3234 2526 3282 pro
2563 3219 2782 3272 aridum.
2846 3218 2954 3266 Lu·

685 3286 890 3336 cilius
928 3285 1021 3338 lib.
1065 3286 1270 3335 XXVII
1309 3287 1541 3350 (XXVI
1581 3286 1669 3349 G).
1723 3338 1743 3358 ·
1824 3286 2061 3335 XXXIII
2120 3287 2259 3335 Non.
2297 3290 2381 3345 88,
2419 3290 2450 3336 9
2494 3292 2690 3336 conte
2711 3292 2954 3336 uturum

685 3355 833 3415 (add.
891 3360 1275 3404 contentum
1330 3354 1532 3415 Bamb.,
1582 3355 1626 3401 L
1664 3357 1746 3413 2,-
1785 3353 1910 3404 sort.
1968 3354 2151 3418 recte).
2254 3354 2566 3405 Lucilius
2621 3354 2712 3404 lib.
2763 3353 2955 3404 XXVII

856 3532 935 3587 35
982 3532 1050 3600 ile
1097 3533 1187 3605 M,
1247 3532 1336 3588 ille
1384 3551 1432 3589 v.
1483 3563 1558 3571 -—
1618 3532 1964 3606 pedetemtim
2014 3534 2091 3606 G,
2152 3532 2198 3586 L
2246 3533 2299 3586 1.
2327 3532 2431 3571 ‘——-
2474 3533 2517 3587 it
2576 3535 2707 3590 add.
2751 3533 2825 3588 M.
2879 3560 2948 3568 —

689 3616 830 3671 foras
879 3618 1317 3673 Boulerwelcius
1360 3625 1583 3690 quaest.
1628 3617 1812 3673 Lucil.
1852 3635 1950 3691 pq.
1998 3617 2109 3688 21,
2160 3616 2290 3671 soris
2334 3618 2484 3672 libr'i.
2704 3617 2781 3673 36
2825 3613 2952 3670 ledat

686 3702 751 3754 L.
782 3701 833 3755 1.
1010 3701 1087 3756 37
1136 3702 1400 3757 homelins
1449 3703 1492 3756 L
1541 3703 1597 3757 1.
1646 3732 1724 3740 -
1772 3710 1983 3774 qumnst
2029 3718 2338 3775 pessumum
2391 3701 2480 3770 M,
2527 3720 2686 3775 quam
2733 3710 2790 3757 ut
2830 3708 2948 3772 opes

686 3801 951 3839 summum
1002 3786 1063 3853 G,
1114 3788 1159 3839 L
1208 3787 1238 3840 1
1291 3783 1620 3859 (pessumum
1666 3790 1778 3841 iam
1826 3786 1965 3857 alii).
2142 3785 2221 3841 38
2266 3787 2547 3856 insanum,
2591 3788 2839 3859 fortasse
2877 3784 2948 3837 iu·

694 3870 906 3923 samum.
957 3898 1029 3909 —-
1084 3871 1303 3924 multam
1352 3873 1414 3926 G.
1461 3903 1541 3912 --
1588 3872 1772 3926 vident
1817 3872 1890 3940 Ι),
1939 3871 2078 3925 videt
2122 3872 2247 3925 edd.
2422 3870 2500 3925 39
2547 3873 2793 3931 invocant
2825 3887 2868 3925 v.
2897 3883 2945 3921 c.

698 3955 944 4009 Dousae.
1075 3953 1159 4008 40
1201 3956 1475 4026 miserum,
1520 3966 1694 4011 atrum
1728 3957 1791 4010 M
1831 3955 2165 4027 (miserulnm
2211 3957 2354 4010 idem
2401 3954 2568 4026 353),
2615 3956 2944 4011 miserrImum

685 4040 812 4093 cdd.
836 4056 930 4109 pr.
959 4040 1132 4094 Harl.
1158 4042 1214 4093 in
1240 4060 1291 4110 q.
1319 4056 1367 4093 e.
1390 4036 1730 4096 miserimini.
1766 4072 1839 4080 —-
1874 4052 2035 4114 atque
2062 4042 2129 4111 G,
2154 4041 2200 4095 L
2227 4041 2256 4094 1
2283 4058 2354 4095 m.
2382 4040 2437 4096 2.
2470 4071 2556 4080 —
2585 4041 2787 4114 lignum
2807 4037 2942 4102 Iun„

688 4125 902 4197 signum
936 4127 1156 4194 scripti.
1205 4153 1281 4161 -—
1331 4121 1580 4178 sabucum
1628 4128 1793 4195 idem,
1827 4125 2138 4181 sambucum
2170 4144 2218 4182 v.
2266 4155 2348 4164 --
2394 4134 2587 4181 vocant
2617 4126 2765 4194 Iun„
2812 4127 2946 4175 vocat

681 4211 833 4264 libri.
978 4207 1057 4263 42
1107 4208 1227 4263 382
1273 4216 1605 4263 contemtum
1653 4210 1698 4264 L
1748 4212 1803 4283 1,
1848 4219 2216 4283 contemptum
2263 4209 2331 4278 G,
2377 4218 2641 4265 contentu
2686 4210 2837 4277 Gen„
2875 4203 2939 4259 B.

682 4325 766 4333 -
809 4311 930 4349 cum
988 4295 1266 4365 cmpos-int
1326 4293 1493 4361 Gen.,
1548 4293 1597 4346 B
1654 4297 1754 4356 2·b.;
1811 4300 1928 4350 cuin
1978 4311 2060 4349 mc
2106 4295 2349 4366 ruperint
2408 4296 2532 4349 edd.
2593 4297 2695 4350 rel.
2741 4294 2775 4348 l.
2820 4297 2939 4356 uir„

684 4388 931 4449 eoeceplo
963 4381 1116 4451 quod
1146 4379 1188 4433 G
1223 4378 1342 4433 382
1375 4379 1708 4450 rumperint3
1752 4382 1989 4451 ruperim
2020 4379 2244 4434 Iunius,
2353 4378 2435 4434 43
2481 4380 2583 4433 ima
2616 4381 2742 4434 add.
2777 4377 2829 4433 M
2856 4370 2938 4427 28·
