3267 5075
1156 403 1374 460 mmm
1410 402 1606 461 xxv1.
1647 402 1869 461 xxvn.
2158 348 2173 369 χ
2524 404 2656 470 253

537 572 637 632 76.
695 574 1015 631 existimavit
1059 573 1262 630 Nouius
1295 574 1436 630 haud
1481 571 1643 631 dubie
1686 577 1959 630 miserari
1998 572 2202 629 dietum
2234 590 2333 648 pro
2364 577 2630 630 misereri
2639 598 2657 639 ,-

366 659 487 716 ideo
534 659 819 715 collocavit
864 658 968 715 hoc
1013 657 1178 734 frgm.
1225 677 1271 713 s,
1319 658 1357 714 1.
1406 663 1779 716 accusativus
1816 676 1930 730 pro
1970 660 2247 732 genetivo.

537 744 634 801 77.
704 751 1031 821 annotarunt
1074 744 1319 818 plerique
1363 743 1619 800 imitando
1665 760 1979 817 expressum
2024 760 2052 797 a
2098 744 2156 799 L.
2190 760 2403 799 versum
2434 760 2499 799 ex
2530 742 2656 799 Cae-

366 829 475 886 cilii
520 828 819 887 vauide:

535 949 668 1025 mihi
712 965 805 1004 sex
851 965 1062 1005 menses
1107 949 1227 1004 sati’
1271 957 1402 1005 sunt
1444 951 1615 1019 vitae3
1660 950 1949 1023 septimum
1995 952 2133 1006 Orco
2177 949 2443 1023 spondeo.

535 1079 634 1136 78.
708 1079 924 1134 unicum
970 1078 1073 1135 hoc
1118 1077 1478 1152 fragmentum
1522 1094 1586 1133 ex
1630 1077 1881 1135 omnibus
1927 1086 2199 1153 quotquot
2242 1087 2425 1136 extant
2468 1077 2654 1139 Lucilii

364 1162 506 1220 libro
553 1160 687 1218 XXV
734 1161 992 1219 tribuitur
1044 1162 1163 1218 cod.
1211 1161 1449 1218 Charisii.
1537 1164 1707 1237 igitur
1751 1172 1941 1237 aperto
1998 1179 2185 1220 errore
2241 1163 2383 1234 (nam
2430 1163 2656 1219 volumi·

366 1266 494 1304 num
539 1248 686 1304 illius
729 1246 909 1303 xxtnl
939 1255 995 1303 et
1022 1246 1157 1303 XXV
1189 1246 1351 1321 apud.
1374 1255 1584 1303 veteres
1628 1256 1880 1304 auctores
1910 1265 2010 1304 nec
2039 1248 2158 1304 vola
2188 1254 2333 1304 extat
2364 1264 2463 1303 uec
2494 1250 2655 1303 vesti-

365 1335 544 1408 gium3
590 1342 647 1388 et
690 1332 955 1406 dactylico
1003 1340 1177 1388 metro
1222 1348 1281 1387 ea
1326 1331 1494 1387 fuisse
1538 1334 1835 1406 perscripta
1866 1331 2218 1406 probabiliter
2261 1334 2455 1388 statuit
2484 1331 2652 1388 Lach-

364 1422 616 1489 maunus)
663 1434 773 1473 uno
817 1419 927 1473 iota
972 1415 1157 1473 addito
1201 1418 1424 1490 reposui
1467 1416 1601 1472 illud
1648 1420 1912 1491 viyesimo
1956 1425 2144 1474 sexto·

532 1502 733 1575 xxvu,
783 1501 837 1558 1.
913 1503 1044 1558 mire
1089 1488 1457 1557 Lachmannus
1487 1518 1684 1557 comm.
1714 1501 1872 1558 Luer.
1909 1501 2029 1559 116
2061 1518 2181 1558 rem
2222 1505 2426 1574 populi
2463 1504 2655 1559 salute

364 1595 437 1644 et.
524 1593 749 1662 apparet
792 1586 972 1642 dicere
1016 1584 1143 1642 Luc.
1191 1603 1250 1642 se
1304 1585 1533 1641 salutem
1577 1586 1783 1660 populo
1829 1603 1930 1642 suo
1975 1604 2086 1642 nou
2133 1588 2234 1642 nisi
2280 1585 2526 1642 versibus
2573 1587 2654 1642 in-

363 1673 570 1747 pertire
614 1688 811 1745 posse,
856 1688 915 1727 re
958 1671 1069 1744 ipsa
1115 1670 1512 1726 solum-iovem
1560 1670 1621 1727 Ο.
1668 1671 1750 1740 Μ,
1796 1670 1861 1725 ad
1909 1687 2068 1746 quem
2112 1687 2404 1744 conversus
2449 1674 2502 1726 iu
2549 1669 2654 1727 fine

364 1757 615 1813 carminis
661 1758 734 1812 ait
765 1759 1005 1829 sospita,
1048 1758 1266 1828 inparti
1304 1758 1494 1827 salute
1525 1772 1573 1811 e.
1608 1773 1662 1829 q.
1696 1773 1743 1816 s,
1776 1782 1854 1795 —-
1888 1759 2076 1813 salute
2120 1763 2205 1820 315
2248 1763 2304 1812 el
2346 1772 2467 1811 cum
2512 1774 2565 1811 m
2599 1755 2652 1811 iu

365 1841 643 1897 codicibus
684 1839 943 1897 Nonianis
986 1839 1164 1896 solere
1207 1840 1505 1914 permutari
1546 1842 1761 1914 saepius
1807 1838 2226 1896 observavimus,

535 1925 593 1981 2.
659 1929 941 1999 inpertire
985 1924 1167 1981 eadem
1214 1925 1621 1982 constructione
1664 1926 1935 2000 positum,
1981 1941 2086 2001 qua
2130 1925 2253 1981 Ter.
2298 1922 2435 1980 Eun.
2484 1923 2543 1990 ΙΙ,
2593 1924 2653 1996 2,

366 2010 469 2083 39,
516 2009 618 2067 4ο.

534 2096 591 2152 3.
668 2096 956 2166 observaS,
1003 2094 1235 2151 sortasse
1280 2094 1345 2149 ad
1390 2094 1695 2169 Scipionem
1739 2111 2034 2151 conversus
2080 2096 2170 2150 ait.
2225 2124 2294 2134 —
2343 2095 2657 2159 hominem;

364 2178 572 2254 Lupum
618 2179 703 2237 vel
746 2180 909 2237 alium
951 2180 1248 2253 principem
1293 2179 1520 2235 civitatis
1567 2181 1717 2254 tangi
1756 2188 1840 2239 sat
1883 2190 2123 2253 apparet.

533 2266 595 2320 4.
673 2273 885 2336 voster,
927 2260 1274 2321 senatorius.
1318 2294 1402 2305 —
1446 2267 1764 2336 admiserit,
1808 2263 1992 2339 Lupus
2040 2274 2095 2319 ut
2141 2272 2293 2338 puto.

534 2349 592 2407 5.
667 2359 817 2406 recte
858 2346 906 2405 si
952 2350 1338 2423 interpretatus
1383 2358 1468 2405 est
1511 2349 1701 2406 Lucilii
1748 2347 1905 2405 verba
1950 2346 2187 2420 Nonius„
2232 2357 2355 2432 apte
2398 2348 2648 2405 conseres

366 2434 421 2490 Pl
426 2437 537 2491 iuti
582 2434 714 2491 illud
766 2428 922 2513 [cist.
965 2433 1004 2506 1,
1036 2434 1095 2505 3,
1126 2428 1236 2510 46]

481 2635 500 2646 .
535 2573 598 2621 ut
639 2572 771 2620 suut
814 2565 1061 2635 humana,
1107 2563 1183 2620 nil
1226 2572 1311 2620 est
1353 2572 1675 2640 perpetuom
1722 2564 1943 2634 datum3

363 2696 448 2750 siu
492 2711 675 2766 secus,
720 2710 936 2758 versum
979 2694 1214 2750 Lucretii
1260 2688 1377 2770 [ffl,
1421 2689 1572 2771 971]

535 2825 748 2897 vitaque
793 2825 1055 2898 mancipio
1100 2823 1234 2879 nulli
1280 2822 1455 2894 datur,
1504 2822 1754 2879 omuibus
1799 2839 1922 2880 usu.

536 2962 594 3019 6.
669 2961 774 3018 hoc
819 2961 977 3035 srgm.
1023 2970 1171 3017 recte
1213 2977 1333 3017 cum
1379 2961 1626 3035 praeced.
1671 2963 1950 3018 coniunxit
1994 2960 2382 3019 LachmaunuS.

534 3047 590 3103 7.
666 3064 780 3103 non
836 3047 1161 3103 strabonem
1201 3048 1365 3118 fieri3
1421 3046 1552 3103 Hor.
1596 3064 1684 3121 ep.
1731 3048 1774 3119 1,
1820 3045 1921 3120 14,
1962 3047 2040 3103 37
2098 3065 2212 3104 non
2255 3050 2384 3105 istic
2427 3048 2651 3121 obliquo

366 3134 529 3189 oculo
573 3148 701 3189 mea
748 3133 1039 3188 commoda
1083 3135 1383 3205 quisquam
1426 3134 1605 3191 limat.

535 3216 593 3273 8.
664 3216 798 3288 fere
841 3233 942 3289 pro
980 3217 1153 3289 serre
1196 3215 1402 3272 Lucilio
1450 3216 1689 3272 tribuere
1736 3218 1818 3272 vix
1860 3217 2051 3273 ausim.
2105 3246 2171 3258 -—
2222 3225 2474 3274 ceterum
2516 3219 2656 3290 quid

247 3323 258 3333 ·
367 3305 458 3372 sit,
502 3303 641 3375 quid
681 3318 796 3360 non
824 3304 927 3365 sit;
969 3300 1202 3358 Plautus
1225 3303 1496 3357 trinummi
1529 3301 1654 3358 994
1701 3310 1954 3358 celerum
1995 3304 2096 3375 qui
2132 3305 2231 3373 εἰς,
2274 3305 2515 3374 quinon
2546 3305 2647 3372 εἰς,

364 3387 606 3457 floccum
651 3403 766 3443 non
808 3388 1131 3443 inter-duim.

535 3472 594 3528 9.
667 3470 911 3527 diversos
966 3488 997 3526 a
1038 3473 1153 3527 suis
1197 3488 1379 3528 mores
1420 3472 1570 3545 vulgi
1614 3469 1787 3547 carpit
1832 3470 1890 3526 L.
2438 3477 2443 3481 ’

537 3556 634 3613 10.
708 3558 865 3612 illam
897 3573 995 3630 pro
1026 3557 1220 3619 hillai‚·
1269 3555 1525 3628 122,10
1553 3574 1598 3611 S.
1633 3555 1815 3613 littera
1861 3557 1899 3612 k
1929 3554 1967 3609 L
2007 3556 2034 3610 l
2082 3558 2242 3612 illam
2286 3573 2387 3630 pto
2431 3556 2648 3613 billum.

368 3672 445 3682 -——
488 3642 668 3712 hillai,
714 3641 786 3696 cs.
836 3640 965 3695 Hor.
1013 3650 1109 3716 sat
1141 3640 1202 3712 ΙΙ,
1228 3640 1290 3714 4,
1323 3642 1421 3699 60.
1471 3669 1546 3680 —-
1595 3657 1691 3714 sec
1725 3645 1974 3697 animum
2004 3649 2294 3714 quaerunt
2339 3645 2535 3704 amici,·
2580 3644 2651 3697 ita

368 3727 580 3801 scripsi,
625 3724 789 3800 idque
833 3724 1026 3781 laetius
1070 3709 1228 3782 sonat
1272 3743 1432 3801 quam
1479 3725 1611 3781 illud
1658 3730 1744 3783 sic
1788 3744 1898 3782 am
1947 3743 2002 3798 q
2050 3744 2149 3783 an.

535 3810 633 3868 11.
706 3812 921 3867 diutius
963 3819 1212 3884 correpta
1258 3809 1513 3882 secunda,
1559 3819 1619 3865 ut
1663 3826 1877 3884 semper
1921 3811 2060 3885 apud
2106 3808 2421 3886 dactylicos
2496 3811 2568 3867 cs.
2599 3811 2651 3866 d.

366 3913 410 3951 r.
452 3913 524 3952 m.
573 3894 716 3952 348.
803 3894 993 3951 Plauto
1038 3894 1257 3971 longam
1302 3895 1570 3951 vindicare
1615 3893 1801 3951 studet
1846 3893 2224 3952 Fleckeisenus
2269 3914 2395 3953 ann.
2434 3896 2565 3969 phil.
2598 3912 2648 3951 a.

372 3981 551 4052 1870,
597 3979 677 4037 69
708 3997 831 4055 sqq.

534 4065 636 4121 12.
708 4066 978 4123 sententia
1020 4064 1210 4121 similis
1258 4072 1314 4121 ut
1359 4074 1493 4139 puto
1540 4066 1587 4121 ci
1634 4082 1773 4139 quac
1818 4065 2023 4140 legitur
2067 4065 2205 4141 apud
2240 4064 2516 4120 Horatium
2549 4072 2649 4119 sat.

367 4148 407 4223 1,
436 4149 497 4223 3,
527 4150 630 4222 73,
663 4148 699 4205 4
759 4154 890 4223 qui,
946 4167 1019 4207 ne
1064 4152 1359 4208 tuberibus
1404 4154 1670 4223 propriis
1725 4152 1986 4223 offendat
2043 4153 2319 4220 amicum,
2371 4151 2649 4221 postulat,

367 4238 614 4309 iynoscel
657 4239 921 4292 verrucis
956 4238 1127 4294 illius,

535 4321 635 4377 13.
701 4336 881 4377 sermo
926 4321 993 4377 de
1038 4322 1220 4379 amicis
1264 4319 1457 4377 infidis,
1505 4351 1586 4361 -·
1630 4321 1871 4379 imitatus
1915 4328 1998 4377 est
2030 4316 2285 4376 Horatius
2316 4318 2447 4374 artis
2478 4319 2651 4398 poeti·

369 4422 457 4466 cae
500 4424 583 4467 vv·
612 4404 941 4490 431-333
