3267 5075
655 311 798 423 Ι110
1542 355 1757 412 LIBER.
1792 355 2066 412 XXVIIII.

1624 520 1804 585 XLII
1851 523 1989 602 [18]

845 687 1308 707 „„„„„„„„
1364 637 1623 701 cohibet
1664 637 1838 701 domi

845 754 1128 816 maestus
1175 774 1242 816 se
1251 803 1268 836 ‚
1313 751 1590 816 Albinus
1637 751 1970 835 repudium
2016 750 2185 836 quod
2230 751 2399 814 filiae

713 869 799 933 55
845 868 1093 931 remisit
1136 917 1630 936 .........

1605 998 1816 1064 XLIII
1864 1001 2002 1081 [44]

844 1121 984 1181 tum
1028 1115 1187 1181 illud
1233 1113 1579 1198 ἐπιφωνεῖ,
1626 1115 1796 1199 quod
1842 1116 2193 1179 etiamnum
2239 1113 2535 1178 nobilest.

1605 1246 1816 1312 XLIV
1862 1248 2002 1328 [64]

845 1367 1033 1430 deum
1080 1386 1190 1429 rex
1237 1367 1486 1428 avertat
1529 1363 1726 1427 verba
1771 1363 2089 1427 obscaena
2132 1416 2174 1425 -
2195 1418 2237 1426 ..
2260 1407 2295 1424 c
2319 1412 2356 1422 ..

1619 1504 1796 1570 XLV
1845 1504 1985 1586 [50]

846 1622 1026 1688 adde'
1051 1617 1212 1686 alios
1259 1643 1481 1685 omnes
1527 1640 1671 1685 meo
1717 1620 1954 1704 periclo
2001 1642 2078 1683 ex
2125 1620 2365 1684 ordine.

1606 1760 1814 1826 XLVI
1862 1763 2002 1843 [17]

844 1929 1128 1949 υυυυυ
1181 1880 1302 1944 etsi
1347 1879 1621 1942 retinere
1665 1877 1838 1941 hunc
1882 1877 2056 1941 voles

713 1997 801 2060 60
848 2016 960 2079 spe
1004 1995 1262 2078 longius
1308 1998 1372 2057 te
1418 1994 1876 2077 producturum
1924 1996 1989 2056 et
2034 1993 2291 2056 diutius,

1589 2132 1830 2197 XLVII
1879 2134 2017 2214 [49]

841 2252 1094 2336 pluteos
1141 2252 1417 2316 excutiet
1459 2253 1754 2333 tectaque
1801 2251 1867 2311 et
1906 2249 2261 2313 testudines

842 2366 1065 2431 reddet
1107 2416 1700 2438 „„„„„„„„„„

663 2634 950 2683 XXVIIII.
1093 2632 1253 2681 XLII
1311 2632 1447 2681 Non.
1488 2633 1605 2694 350,
1641 2634 1707 2681 29
1759 2636 2078 2681 maestum
2112 2631 2275 2681 triste
2310 2629 2695 2681 miserandum.
2769 2630 2970 2696 Vergi-

663 2753 772 2802 lius
806 2778 873 2788 —
908 2751 1222 2802 Lucilius
1259 2749 1355 2800 lib.
1392 2749 1659 2800 XXVIIII
1694 2711 2032 2810 (XXVII1¹
2059 2725 2116 2756 Μ’
2146 2716 2168 2753 ¹
2198 2748 2269 2809 G)
2324 2749 2600 2799 cohibet
2657 2776 2720 2783 —
2776 2748 2969 2800 Albi-

664 2836 800 2873 nus.
837 2844 905 2854 —
939 2818 1080 2868 idem
1115 2819 1232 2881 383,
1275 2820 1338 2867 19
1375 2817 1722 2867 remissum
1759 2818 1999 2868 missum.
2069 2816 2381 2867 Lucilius
2417 2816 2509 2866 lib.
2544 2816 2837 2867 XXVIIII.

663 2887 845 2937 XLIII
898 2888 1037 2936 Non.
1074 2887 1200 2947 351,
1236 2888 1301 2936 23
1340 2901 1384 2935 s.
1421 2899 1474 2939 v,
1529 2885 1786 2934 nobilis
1830 2911 1900 2921 —
1943 2884 2192 2935 Lucilius
2228 2890 2534 2948 satyrarum
2577 2884 2674 2933 lib.
2724 2884 2856 2933 VII.
2906 2911 2972 2919 —

663 2954 839 3005 Varro
874 2950 1006 3016 περὶ
1053 2947 1328 3015 αἷρὲσεων
1365 2978 1429 2987 -
1463 2952 1662 3002 Accius
1698 2979 1763 2988 —
1799 2952 2082 3005 Terentius
2116 2980 2181 2989 —
2218 2952 2495 3017 Vergilius
2530 2978 2597 2986 -—
2632 2951 2709 3001 M.
2745 2951 2970 3002 Tullius

663 3048 729 3056 —
763 3021 1072 3070 Lucilius
1107 3019 1200 3072 lib.
1236 3019 1522 3069 XXVIIII.
1728 3019 1909 3069 XLIV
1966 3020 2104 3073 Non.
2141 3022 2258 3081 357,
2298 3022 2357 3068 11
2415 3020 2822 3069 obscaenum
2867 3018 2971 3085 (ita

662 3090 950 3149 MerceruS,
986 3088 1346 3137 obscenum
1368 3085 1445 3148 v.)
1480 3086 1755 3149 significat
1791 3093 1850 3138 et
1884 3087 2128 3137 vitabile.
2191 3088 2389 3137 Accius
2415 3113 2481 3121 —
2505 3087 2824 3137 Lucilius
2871 3087 2965 3137 lib.
3033 3120 3038 3125 -

661 3157 928 3206 XXVIIII
968 3154 1109 3217 (lib.
1145 3153 1464 3203 XXVIIII
1501 3169 1604 3203 om.
1642 3153 1727 3217 A).
1847 3154 2000 3204 XLV
2058 3155 2198 3206 Non.
2236 3158 2355 3217 364,
2392 3157 2424 3203 2
2461 3154 2842 3219 periculum
2883 3162 2970 3205 est

663 3225 859 3275 salutis
893 3222 1194 3273 discrimen.
1264 3220 1540 3284 Vergilius
1578 3253 1636 3260 —-
1679 3222 1990 3271 Lucilius
2024 3221 2117 3271 lib.
2153 3221 2440 3271 XXVIIII.
2579 3221 2765 3271 XLVI
2786 3221 2966 3272 0N0n.

661 3295 780 3352 372,
817 3295 883 3342 22
920 3289 1282 3357 producere
1316 3288 1515 3338 dicitur
1550 3288 1767 3351 longius
1805 3290 2014 3339 ducere.
2084 3289 2366 3353 Vergilius
2397 3286 2469 3324 '—
2506 3289 2825 3339 Lucilius
2867 3290 2966 3339 lib.

661 3359 945 3413 XXVIIII.
1050 3351 1259 3407 XLVII
1303 3354 1442 3405 Non.
1467 3356 1582 3418 381,
1609 3357 1640 3406 7
1676 3355 1953 3406 reddere
1979 3358 2179 3407 facere.
2233 3357 2543 3407 Lucilius
2568 3355 2659 3405 lib.
2686 3356 2969 3407 XXVIIII

831 3627 911 3684 53
957 3624 1176 3683 cohibet
1230 3622 1365 3695 (non
1412 3617 1651 3696 cohibet)
1709 3629 1764 3676 et
1808 3623 1936 3678 cdd.
1984 3621 2127 3679 350.
2185 3653 2270 3664 -—
2322 3625 2397 3679 ib.
2458 3623 2675 3683 domina
2720 3634 2969 3680 maestus

663 3712 708 3768 G
754 3717 808 3767 et
851 3715 933 3767 ila
979 3711 1085 3766 sed
1126 3716 1187 3765 ut
1233 3727 1268 3763 a
1310 3726 1406 3779 pr.
1452 3726 1522 3762 m.
1574 3705 1763 3778 fuerit
1808 3705 2020 3761 (lomina
2081 3716 2263 3770 aestus
2309 3708 2355 3762 L
2405 3709 2470 3776 13
2538 3710 2715 3763 omnia
2775 3718 2968 3764 aestus

662 3797 801 3852 Gen.
937 3792 1015 3849 56
1063 3787 1354 3860 ἐπιφωνεῖ
1390 3792 1458 3847 Μ
1495 3793 1584 3848 vel
1626 3783 1939 3861 ἐπεφώνει,
1963 3790 2189 3862 ‚episoni
2236 3791 2304 3861 G,
2350 3792 2619 3864 epitol'oni
2665 3794 2711 3849 L
2761 3793 2831 3863 1,
2880 3801 2970 3850 est

659 3880 865 3955 episoni
913 3879 996 3941 B,·
1039 3871 1328 3949 ἐπιφαίνει
1358 3876 1469 3947 Dp.
1514 3905 1599 3915 ——
1645 3875 1933 3930 etiamnum
1979 3876 2144 3944 idem,
2192 3877 2472 3931 etiamtum
2506 3895 2555 3932 v.
2734 3877 2817 3934 57
2867 3895 2964 3934 rex

658 3972 863 4022 avertat
912 3963 1243 4030 Turnebu8‚
1291 3963 1403 4016 rixa
1446 3967 1622 4015 vertat
1666 3956 1857 4013 vertat
1884 3958 2010 4012 cdd.
2060 3974 2188 4013 cum
2235 3960 2290 4014 B
2340 3962 2446 4016 sed
2487 3963 2738 4017 alterum
2785 3970 2967 4018 vertat

655 4108 713 4161 in
760 4101 933 4158 Harl.
983 4119 1038 4158 a.
1085 4116 1157 4156 m.
1206 4095 1242 4151 2
1305 4089 1498 4169 (vertat
1541 4061 1713 4148 vet-taint
1758 4091 1846 4163 A).
1895 4121 1970 4129 —
2021 4091 2283 4149 obscaena
2329 4095 2447 4167 Me,
2495 4095 2728 4152 obscena
2776 4117 2831 4154 v.

657 4189 737 4246 58
783 4185 988 4262 periclo
1034 4185 1116 4255 D,
1172 4178 1416 4255 periculo
1462 4178 1589 4233 edd.
1638 4193 1765 4232 cum
1813 4175 1884 4230 B.
2058 4175 2136 4232 59
2183 4177 2290 4234 huc
2338 4179 2409 4234 B.
2588 4180 2671 4238 60
2727 4199 2831 4256 spe
2879 4183 2964 4254 M,

656 4276 702 4330 si
746 4293 797 4331 v.
975 4271 1049 4329 61
1099 4266 1335 4324 excutiet
1378 4261 1462 4333 M,
1507 4267 1723 4315 excutct
1769 4277 1797 4315 0
1842 4263 1898 4314 in
1944 4261 1960 4314 i
2006 4267 2141 4316 mut.
2191 4262 2258 4333 G,
2306 4267 2515 4321 excutit
2559 4267 2629 4337 A,
2679 4265 2757 4339 B,
2806 4268 2856 4322 L
2909 4269 2963 4326 1.

785 4356 863 4419 62
909 4355 1087 4413 retdet
1131 4370 1286 4410 corr.
1334 4352 1393 4405 in
1439 4343 1631 4403 reddet
1677 4343 1742 4398 A.

1671 4694 2200 5036 Im
