3267 5075
694 402 823 468 282
1453 402 1553 456 EX
1589 401 1823 457 LIBRIS
1863 402 2222 458 INCERTIS.

862 571 961 628 80.
1020 568 1217 625 Paulus
1238 567 1346 627 98:
1393 569 1663 643 gulliocae
1694 587 1892 626 nucum
1923 571 2262 645 iuglandium
2288 588 2493 627 summa
2526 580 2582 628 et
2617 572 2795 628 viridia
2819 581 2941 646 puta·

696 657 853 712 mina.
926 664 980 711 at
1026 654 1214 730 glosac
1244 655 1431 728 Steph.
1474 655 1592 713 105
1607 674 1627 732 ².
1668 655 1886 728 gulluca
1931 653 2293 731 καρυοτομία
2325 656 2720 730 (καροιοτομια
2751 657 2940 731 Steph.).

861 741 962 797 83.
1038 743 1168 797 ibus
1195 738 1340 795 brevi
1369 744 1408 812 i,
1457 749 1515 794 ut
1561 738 1915 814 plerumque3
1962 750 2067 798 cct.
2114 742 2260 798 cons.
2292 741 2476 799 Lchm.
2508 744 2564 797 in
2596 738 2755 799 Lucr.
2786 739 2941 798 comm.

695 824 836 884 262.
888 856 961 864 —-
1010 824 1144 881 illud
1189 827 1452 896 clepset-e
1496 842 1603 881 non
1651 833 1800 881 recte
1844 842 2101 899 praesens
2146 844 2268 882 esse
2311 836 2466 900 putat
2510 827 2813 897 MuelleruS‚
2853 845 2943 883 cum

693 912 764 967 sit
809 910 1129 984 perfeetum.
1159 940 1240 949 —-
1267 909 1403 982 foro
1448 913 1575 983 qm‘3
1616 910 1692 965 ita
1736 909 1932 977 codd.;
1977 911 2256 985 Scaligero
2303 911 2505 985 placuit
2541 912 2791 985 foroque
2831 913 2943 986 quod

695 1004 868 1051 tamen
915 1010 1023 1050 non
1070 995 1255 1068 capio,
1316 1011 1634 1068 quamquain
1694 1011 1763 1050 nc
1810 994 1861 1051 id
1917 995 2132 1068 quidem
2181 995 2326 1071 quod
2383 998 2685 1070 antiquitus
2730 997 2941 1053 traditum

696 1080 869 1135 fertur
927 1080 1057 1134 satis
1115 1095 1365 1134 securum
1424 1096 1545 1136 esse
1604 1080 1871 1135 existimo.
1954 1082 2000 1136 si
2059 1088 2209 1138 recte
2268 1080 2463 1152 hahet,
2524 1082 2943 1156 interpretandum

694 1165 940 1220 existimo
972 1165 1070 1220 ita:
1117 1162 1351 1236 aliqum,
1398 1165 1491 1237 qui
1535 1165 1589 1219 in
1636 1164 1756 1219 foro
1803 1164 1871 1220 de
1915 1164 2080 1221 rebus
2125 1169 2203 1222 eis
2233 1164 2608 1222 subduxerunt
2653 1165 2943 1240 nescioquid.

863 1247 964 1308 84.
1052 1247 1218 1322 vulgo
1279 1247 1455 1304 fertur
1514 1254 1791 1322 quantum
1857 1251 2138 1307 hinnitum
2197 1260 2372 1325 atque
2427 1256 2772 1324 equitatum,·
2829 1241 2943 1324 quod

692 1335 933 1408 ineptum
980 1349 1100 1388 esse
1158 1334 1325 1388 miror
1379 1333 1618 1389 nondum
1665 1335 1910 1389 extitisse
1965 1337 2057 1408 qui
2114 1336 2338 1391 videret.
2426 1337 2626 1392 etenim
2683 1353 2799 1392 cum
2849 1343 2946 1408 agat

694 1418 859 1473 Varro
916 1418 982 1474 (le
1041 1416 1309 1474 translatis
1364 1419 1417 1474 in
1475 1418 1723 1474 homines
1779 1419 2001 1475 vocibus
2058 1420 2396 1490 animalium,
2452 1419 2637 1476 nullus
2694 1420 2838 1476 locus
2884 1420 2948 1475 hic

693 1504 974 1577 equitatui.
1024 1533 1101 1543 —-—
1148 1501 1280 1559 illud
1324 1502 1500 1560 solum
1546 1511 1730 1576 potest
1773 1502 2005 1561 dubitari
2049 1512 2232 1560 utrum
2278 1504 2648 1578 reponendum
2693 1507 2763 1560 sit
2801 1507 2944 1578 quiri-

695 1594 872 1645 tatum
919 1605 983 1644 an
1027 1589 1357 1644 heiulatum.
1448 1587 1677 1661 praetuli
1722 1582 1885 1659 illud,
1948 1591 2071 1662 quia
2116 1591 2361 1663 proxime
2405 1588 2586 1645 aberat
2640 1607 2670 1644 a
2711 1591 2941 1663 scriptura

694 1672 976 1745 libroruin,
1021 1672 1179 1729 simul
1228 1681 1286 1728 ut
1329 1673 1575 1746 dactylici
1622 1675 1806 1746 potius
1852 1691 2012 1748 quam
2053 1674 2314 1731 trochaici
2360 1675 2570 1730 numeri
2615 1674 2902 1730 existerent.

861 1757 962 1815 85.
1038 1759 1273 1832 pertinet
1316 1759 1377 1813 all
1412 1766 1627 1831 poetam
1673 1758 1970 1832 elegiacum
2001 1759 2338 1832 eundemque
2382 1760 2676 1832 sapientiae
2707 1768 2951 1833 praestan-·

692 1843 958 1899 tissimum
1002 1851 1426 1917 praeceptorem,
1473 1845 1625 1899 cuius
1670 1843 1772 1899 iam
1802 1842 2178 1917 Xenophontis
2224 1851 2467 1917 tempore
2512 1845 2566 1899 iu
2601 1843 2793 1900 scholis
2820 1842 2942 1899 lecti·

692 1926 944 1984 tabantur
985 1930 1234 1984 carmina.
1322 1937 1510 1984 notum
1555 1927 1899 2002 proverbium
1943 1930 2269 1999 Graecorum

947 2042 1107 2105 τουτὶ
1145 2041 1256 2122 μὲν
1295 2043 1468 2128 ᾔδειν
1507 2042 1651 2125 πρὶν
1696 2042 1948 2125 Θέογνιν
1989 2043 2314 2125 γεγονέναι.

862 2170 962 2227 86.
1038 2169 1102 2225 ad
1148 2169 1391 2226 lacunam
1443 2172 1495 2227 in
1554 2170 1728 2226 verhis
1773 2169 1961 2226 Lucilii
2005 2169 2319 2243 explendam
2374 2169 2530 2243 plura
2585 2178 2713 2225 sunt
2752 2175 2940 2242 praesto

695 2254 859 2311 veluti
904 2259 1247 2312 conitendum
1293 2256 1403 2311 sive
1448 2262 1860 2325 exenteratum,
1908 2263 1967 2309 ut
2009 2255 2144 2310 (lixit
2189 2254 2457 2328 Vergilius
2513 2272 2631 2310 aen.
2677 2253 2797 2322 vui,
2835 2250 2939 2307 424

686 2341 917 2411 serrum
963 2341 1322 2397 exercebant
1369 2349 1528 2397 vaslo
1574 2341 1856 2412 Cyclopes
1899 2344 1959 2396 in
2004 2346 2207 2402 antro,·
2251 2339 2413 2395 modo
2458 2338 2592 2396 illud
2637 2339 2774 2412 quod
2802 2336 2937 2392 Scali-

692 2441 828 2496 gero
886 2425 1088 2499 placuit
1142 2426 1504 2482 ludituneium
1559 2427 1768 2482 reicias,
1828 2456 1904 2464 ——
1964 2433 2202 2480 ceterum
2260 2433 2497 2498 nugatur
2550 2423 2776 2480 isidorus
2836 2422 2934 2476 cuin

693 2509 948 2584 pusillum
997 2508 1245 2568 malleum
1290 2527 1412 2566 esse
1458 2511 1752 2568 marculum
1798 2509 2015 2585 probari
2063 2509 2174 2565 volt
2218 2509 2323 2566 hoc
2366 2509 2508 2566 loco.

861 2596 958 2652 89.
1031 2598 1172 2668 sora
1218 2597 1587 2659 mercatush.
1632 2595 1672 2653 l.
1716 2594 2021 2669 significare
2064 2594 2224 2651 docet
2267 2594 2564 2653 Charisius,

862 2681 962 2739 93.
1037 2680 1125 2738 illa
1170 2683 1323 2755 quod
1357 2699 1471 2752 pro
1502 2683 1725 2739 minore
1766 2689 2012 2753 emplum
2056 2697 2196 2753 quac
2224 2680 2484 2751 leguntur
2518 2680 2638 2737 loco
2668 2679 2931 2753 posteriore

691 2767 917 2823 Charisii
962 2765 1100 2823 hautl
1144 2765 1306 2821 ‹lnhie
1350 2776 1479 2823 sunt
1523 2765 1784 2840 reliquiae
1828 2766 2016 2839 glosae
2059 2774 2212 2838 parte
2257 2763 2543 2820 verborum
2595 2772 2844 2822 truncatae
2884 2766 2931 2813 ut

692 2861 820 2925 puta
854 2851 973 2908 talis
1002 2854 1156 2925 quod
1179 2869 1291 2923 pro
1328 2854 1518 2924 pluris
1548 2859 1603 2907 et
1633 2855 1869 2908 minoris
1899 2859 2145 2923 emplum
2182 2852 2355 2921 pltare
2384 2858 2439 2905 et
2469 2854 2682 2907 minore
2721 2854 2931 2919 emptum

690 2937 955 2995 dicebant
984 2940 1223 3010 αηιίᾳκί,
1268 2937 1381 2993 sive
1424 2938 1683 3010 scriptum
1726 2937 1832 2993 fuit
1860 2936 1991 2992 olim
2020 2938 2174 3009 quod
2199 2938 2372 3006 plur-e
2401 2943 2456 2990 et
2485 2937 2927 3003 minore-emptum

690 3021 955 3078 dicebant
1000 3025 1241 3095 antiqui.
1329 3038 1465 3095 quae
1507 3023 1717 3077 invecta
1760 3029 1948 3096 aperte
1991 3037 2057 3075 ex
2102 3038 2196 3094 pg.
2242 3018 2345 3076 84.

861 3106 962 3164 95.
1036 3108 1340 3179 suffocare
1390 3110 1645 3164 lacunas
1688 3108 1724 3161 i.
1772 3123 1821 3161 e.
1864 3109 2151 3180 lammae,-
2205 3103 2407 3160 dictum
2462 3113 2598 3178 puto
2650 3103 2712 3159 de
2759 3114 2815 3156 eo
2852 3098 2931 3172 qui

691 3194 946 3249 corticem
992 3191 1361 3247 vehementius
1404 3191 1572 3262 adigit
1613 3193 1668 3247 iu
1701 3192 1979 3265 lagueum,
2023 3206 2251 3265 quarum
2281 3206 2375 3246 ora
2404 3188 2649 3246 solebant
2675 3204 2782 3243 esse
2817 3192 2929 3239 arta.

689 3280 939 3351 laminas
983 3295 1084 3353 pro
1126 3280 1434 3351 layoenas‚·
1477 3277 1548 3333 cl.
1581 3276 1650 3332 ‹le
1674 3294 1735 3332 ea
1765 3277 1939 3334 forma
1969 3276 2296 3333 Fleckeiseni
2325 3272 2564 3331 libellum
2596 3268 2930 3345 orthographi-

691 3379 812 3419 cum
842 3381 888 3420 s,
922 3381 970 3419 v.
1017 3366 1282 3437 Iayoena.

860 3448 960 3506 96.
1032 3450 1277 3522 prodes.-
1329 3446 1453 3504 alibi
1498 3452 1703 3504 coicito
1747 3455 1802 3503 te
1845 3451 1998 3503 intro
2040 3464 2114 3502 ac
2156 3447 2299 3503 bono
2344 3448 2532 3501 animo
2576 3462 2652 3502 es,
2700 3473 2763 3483 —
2805 3434 2927 3513 quod

690 3532 834 3590 addit
882 3532 1178 3590 Macrobius
1221 3531 1523 3607 exemplum
1567 3532 1791 3605 Vergilii
1848 3540 1908 3587 ut
1961 3533 2038 3587 ait
2080 3533 2195 3588 huc
2236 3532 2377 3587 ades
2432 3549 2465 3587 o
2518 3531 2759 3595 Lenaee,
2807 3519 2927 3596 apud

692 3616 959 3674 Maronem
1014 3635 1123 3675 non
1179 3618 1415 3693 legitur,
1471 3619 1565 3691 qui
1622 3616 1780 3674 habet
1836 3634 2029 3690 georg.
2075 3616 2137 3687 ll,
2185 3617 2220 3671 7
2276 3618 2392 3672 huc
2442 3622 2620 3687 pater
2664 3632 2694 3670 ο
2733 3612 2928 3667 Lenaee

696 3707 838 3758 renel
926 3702 1022 3759 sed
1071 3703 1123 3757 in
1168 3705 1400 3760 carmine
1443 3702 1792 3778 anthologiae
1821 3700 2040 3759 Latinae
2085 3710 2209 3757 ante
2237 3701 2616 3756 Terentianum
2658 3694 2928 3766 conscripto

692 3783 870 3864 [573.
919 3783 982 3864 1]
1030 3787 1195 3844 hahes

1501 3876 1607 3930 huc
1651 3872 1780 3930 adm
1823 3874 2019 3947 Lyaeo.

860 3986 963 4045 tw.
1029 3985 1278 4043 videatur
1324 3986 1452 4041 haec
1496 3984 1655 4041 rerba
1698 3987 1884 4059 potius
1915 3984 2208 4041 hexametri
2237 3982 2484 4056 dactylici
2529 3998 2683 4057 quam
2709 3968 2920 4064 trochaici

693 4075 991 4132 tetrametri
1033 4072 1254 4146 explere
1296 4072 1509 4127 initium
1553 4070 1820 4144 producta
1863 4080 1926 4126 ut
1971 4073 2028 4127 in
2069 4068 2331 4128 vom-bulo
2375 4069 2578 4124 Graeco
2620 4075 2671 4121 et
2708 4052 2919 4129 multiph-

689 4161 824 4217 catis
868 4157 1117 4216 inu-vituts
1162 4155 1306 4213 finali
1351 4158 1537 4231 prinu.

860 4246 963 4303 99.
1038 4253 1166 4301 mua
1211 4240 1439 4299 [κὶα-ιώ
1483 4237 1648 4296 mci-o
1690 4242 1935 4298 iunctum
1977 4242 2333 4297 aceiisativum
2388 4256 2511 4295 cum
2564 4233 2808 4294 infinitivo.
2845 4246 2913 4261 -·

690 4333 764 4387 ita
820 4330 1025 4388 Sunius
1080 4346 1169 4404 ap.
1225 4328 1459 4385 Nouium
1517 4325 1636 4383 134
1695 4342 1826 4384 en·
1876 4330 2028 4384 sdes
2070 4328 2298 4382 tondent
2346 4326 2582 4397 faeiem!
2629 4315 2912 4391 lanyescm

701 4422 877 4486 'affliget
909 4434 1101 4486 nunqu*
1133 4434 1330 4486 stef-n*
1370 4438 1382 4466 2
1418 4434 1450 4478 fc
1482 4426 1786 4486 amitus-n.
2550 4438 2559 4447 ·
