<?xml version="1.0" encoding="UTF-8"?>
<!DOCTYPE html PUBLIC "-//W3C//DTD XHTML 1.0 Transitional//EN"
    "http://www.w3.org/TR/xhtml1/DTD/xhtml1-transitional.dtd">
<html xmlns="http://www.w3.org/1999/xhtml" xml:lang="en" lang="en">
 <head>
  <title>
</title>
<meta http-equiv="Content-Type" content="text/html;charset=utf-8" />
  <meta name='ocr-system' content='tesseract 3.04.00' />
  <meta name='ocr-capabilities' content='ocr_page ocr_carea ocr_par ocr_line ocrx_word'/>
</head>
<body>
  <div class='ocr_page' id='page_1' title='image "./clucilisaturaru00mlgoog_0369.png"; bbox 0 0 3267 5075; ppageno 0'>
   <div class='ocr_carea' id='block_1_1' title="bbox 1215 413 2621 479">
    <p class='ocr_par' dir='ltr' id='par_1_1' title="bbox 1215 413 2621 479">
     <span class='ocr_line' id='line_1_1' title="bbox 1215 413 2621 479; baseline 0.007 -12"><span class='ocrx_word' id='word_1_1' title='bbox 1215 414 1432 468; x_wconf 80' lang='lat' dir='ltr'><strong>LIBER</strong></span> <span class='ocrx_word' id='word_1_2' title='bbox 1468 414 1746 479; x_wconf 83' lang='lat' dir='ltr'><strong>XXVIIII.</strong></span> <span class='ocrx_word' id='word_1_3' title='bbox 2009 413 2021 421; x_wconf 71' lang='grc'><em>’</em></span> <span class='ocrx_word' id='word_1_4' title='bbox 2494 415 2621 477; x_wconf 72' lang='grc'><strong>259</strong></span> 
     </span>
    </p>
   </div>
   <div class='ocr_carea' id='block_1_2' title="bbox 306 580 2628 2265">
    <p class='ocr_par' dir='ltr' id='par_1_2' title="bbox 306 580 2628 2265">
     <span class='ocr_line' id='line_1_2' title="bbox 306 580 2623 655; baseline 0 -19"><span class='ocrx_word' id='word_1_5' title='bbox 306 597 426 636; x_wconf 88' lang='lat' dir='ltr'><strong>non</strong></span> <span class='ocrx_word' id='word_1_6' title='bbox 484 580 636 654; x_wconf 83' lang='lat' dir='ltr'><strong>quod</strong></span> <span class='ocrx_word' id='word_1_7' title='bbox 681 580 854 637; x_wconf 87' lang='lat' dir='ltr'><strong>Nouio</strong></span> <span class='ocrx_word' id='word_1_8' title='bbox 910 581 1141 654; x_wconf 76' lang='lat' dir='ltr'>placuit,</span> <span class='ocrx_word' id='word_1_9' title='bbox 1199 580 1293 636; x_wconf 68' lang='lat' dir='ltr'><strong>secl</strong></span> <span class='ocrx_word' id='word_1_10' title='bbox 1351 589 1691 651; x_wconf 76' lang='lat' dir='ltr'><strong>tractatum,</strong></span> <span class='ocrx_word' id='word_1_11' title='bbox 1755 589 1811 636; x_wconf 86' lang='lat' dir='ltr'><strong>ut</strong></span> <span class='ocrx_word' id='word_1_12' title='bbox 1867 582 2082 654; x_wconf 88' lang='lat' dir='ltr'><strong>saepius</strong></span> <span class='ocrx_word' id='word_1_13' title='bbox 2142 597 2226 655; x_wconf 91' lang='lat' dir='ltr'><strong>ap.</strong></span> <span class='ocrx_word' id='word_1_14' title='bbox 2280 581 2524 636; x_wconf 87' lang='lat' dir='ltr'><strong>Plautum</strong></span> <span class='ocrx_word' id='word_1_15' title='bbox 2572 591 2623 637; x_wconf 85' lang='lat' dir='ltr'><strong>et</strong></span> 
     </span>
     <span class='ocr_line' id='line_1_3' title="bbox 306 665 666 721; baseline 0 -2"><span class='ocrx_word' id='word_1_16' title='bbox 306 665 666 721; x_wconf 87' lang='lat' dir='ltr'><strong>Terentium.</strong></span> 
     </span>
     <span class='ocr_line' id='line_1_4' title="bbox 502 749 2579 823; baseline -0.001 -17"><span class='ocrx_word' id='word_1_17' title='bbox 502 749 565 806; x_wconf 86' lang='lat'><strong>3.</strong></span> <span class='ocrx_word' id='word_1_18' title='bbox 639 750 904 822; x_wconf 78' lang='lat' dir='ltr'><em>Apuliam</em></span> <span class='ocrx_word' id='word_1_19' title='bbox 951 750 1113 823; x_wconf 83' lang='lat' dir='ltr'><strong>longa</strong></span> <span class='ocrx_word' id='word_1_20' title='bbox 1161 768 1219 820; x_wconf 87' lang='lat' dir='ltr'><strong>u,</strong></span> <span class='ocrx_word' id='word_1_21' title='bbox 1268 759 1325 805; x_wconf 87' lang='lat' dir='ltr'><strong>ut</strong></span> <span class='ocrx_word' id='word_1_22' title='bbox 1370 751 1511 823; x_wconf 83' lang='lat' dir='ltr'><strong>apud</strong></span> <span class='ocrx_word' id='word_1_23' title='bbox 1558 750 1859 821; x_wconf 86' lang='lat' dir='ltr'><strong>Horatium,</strong></span> <span class='ocrx_word' id='word_1_24' title='bbox 1906 750 2217 822; x_wconf 74' lang='lat' dir='ltr'><strong>Martialem,</strong></span> <span class='ocrx_word' id='word_1_25' title='bbox 2260 750 2579 807; x_wconf 84' lang='lat' dir='ltr'><strong>Iuvenalem.</strong></span> 
     </span>
     <span class='ocr_line' id='line_1_5' title="bbox 498 833 2623 913; baseline 0 -24"><span class='ocrx_word' id='word_1_26' title='bbox 498 833 563 891; x_wconf 90' lang='lat'><strong>4.</strong></span> <span class='ocrx_word' id='word_1_27' title='bbox 640 841 861 908; x_wconf 85' lang='lat' dir='ltr'><strong>apparet</strong></span> <span class='ocrx_word' id='word_1_28' title='bbox 918 834 1021 890; x_wconf 89' lang='lat' dir='ltr'><strong>hoc</strong></span> <span class='ocrx_word' id='word_1_29' title='bbox 1077 835 1197 889; x_wconf 82' lang='lat' dir='ltr'><strong>loco</strong></span> <span class='ocrx_word' id='word_1_30' title='bbox 1257 843 1316 889; x_wconf 88' lang='lat' dir='ltr'><strong>ut</strong></span> <span class='ocrx_word' id='word_1_31' title='bbox 1375 834 1548 905; x_wconf 83' lang='lat' dir='ltr'><strong>XXVI,</strong></span> <span class='ocrx_word' id='word_1_32' title='bbox 1600 835 1676 890; x_wconf 82' lang='lat'><strong>14</strong></span> <span class='ocrx_word' id='word_1_33' title='bbox 1738 836 1877 905; x_wconf 87' lang='lat' dir='ltr'><strong>(nam</strong></span> <span class='ocrx_word' id='word_1_34' title='bbox 1936 835 2191 908; x_wconf 77' lang='lat' dir='ltr'>pleraque</span> <span class='ocrx_word' id='word_1_35' title='bbox 2247 835 2435 891; x_wconf 84' lang='lat' dir='ltr'><strong>similis</strong></span> <span class='ocrx_word' id='word_1_36' title='bbox 2493 852 2623 913; x_wconf 80' lang='lat' dir='ltr'><strong>usus</strong></span> 
     </span>
     <span class='ocr_line' id='line_1_6' title="bbox 308 916 2623 993; baseline 0 -19"><span class='ocrx_word' id='word_1_37' title='bbox 308 919 572 993; x_wconf 85' lang='lat' dir='ltr'><strong>exempla</strong></span> <span class='ocrx_word' id='word_1_38' title='bbox 621 919 958 974; x_wconf 84' lang='lat' dir='ltr'><strong>librariorum</strong></span> <span class='ocrx_word' id='word_1_39' title='bbox 991 918 1120 974; x_wconf 81' lang='grc' dir='ltr'><strong>(ΙοΙο</strong></span> <span class='ocrx_word' id='word_1_40' title='bbox 1152 917 1357 974; x_wconf 83' lang='lat' dir='ltr'><strong>sublata</strong></span> <span class='ocrx_word' id='word_1_41' title='bbox 1390 916 1536 991; x_wconf 88' lang='lat' dir='ltr'><strong>suut)</strong></span> <span class='ocrx_word' id='word_1_42' title='bbox 1587 919 1847 975; x_wconf 89' lang='lat' dir='ltr'><strong>Lucilium</strong></span> <span class='ocrx_word' id='word_1_43' title='bbox 1893 920 2052 974; x_wconf 85' lang='lat' dir='ltr'><strong>etiam</strong></span> <span class='ocrx_word' id='word_1_44' title='bbox 2100 920 2151 974; x_wconf 92' lang='lat' dir='ltr'><strong>in</strong></span> <span class='ocrx_word' id='word_1_45' title='bbox 2178 919 2362 975; x_wconf 78' lang='lat' dir='ltr'><strong>iambis</strong></span> <span class='ocrx_word' id='word_1_46' title='bbox 2418 937 2475 974; x_wconf 90' lang='lat' dir='ltr'><strong>ac</strong></span> <span class='ocrx_word' id='word_1_47' title='bbox 2515 929 2623 974; x_wconf 89' lang='lat' dir='ltr'><strong>tro-</strong></span> 
     </span>
     <span class='ocr_line' id='line_1_7' title="bbox 308 1002 2622 1100; baseline -0.001 -42"><span class='ocrx_word' id='word_1_48' title='bbox 308 1005 509 1060; x_wconf 89' lang='lat' dir='ltr'><strong>chaeis</strong></span> <span class='ocrx_word' id='word_1_49' title='bbox 544 1021 615 1059; x_wconf 89' lang='lat' dir='ltr'><strong>ne</strong></span> <span class='ocrx_word' id='word_1_50' title='bbox 646 1005 801 1059; x_wconf 88' lang='lat' dir='ltr'><strong>nimis</strong></span> <span class='ocrx_word' id='word_1_51' title='bbox 834 1011 1210 1100; x_wconf 79' lang='lat' dir='ltr'><strong>premerentur</strong></span> <span class='ocrx_word' id='word_1_52' title='bbox 1242 1019 1406 1058; x_wconf 87' lang='lat' dir='ltr'><strong>onere</strong></span> <span class='ocrx_word' id='word_1_53' title='bbox 1436 1002 1804 1077; x_wconf 71' lang='lat' dir='ltr'><strong>spoucleorum</strong></span> <span class='ocrx_word' id='word_1_54' title='bbox 1837 1006 2050 1076; x_wconf 85' lang='lat' dir='ltr'><strong>saepius</strong></span> <span class='ocrx_word' id='word_1_55' title='bbox 2086 1002 2403 1059; x_wconf 80' lang='lat' dir='ltr'><strong>subduxisse</strong></span> <span class='ocrx_word' id='word_1_56' title='bbox 2434 1020 2463 1058; x_wconf 88' lang='lat' dir='ltr'><strong>s</strong></span> <span class='ocrx_word' id='word_1_57' title='bbox 2496 1003 2622 1057; x_wconf 85' lang='lat' dir='ltr'><strong>lina-</strong></span> 
     </span>
     <span class='ocr_line' id='line_1_8' title="bbox 307 1086 2622 1161; baseline 0 -19"><span class='ocrx_word' id='word_1_58' title='bbox 307 1088 441 1144; x_wconf 89' lang='lat' dir='ltr'><strong>lem.</strong></span> <span class='ocrx_word' id='word_1_59' title='bbox 546 1104 725 1161; x_wconf 86' lang='lat' dir='ltr'><strong>neque</strong></span> <span class='ocrx_word' id='word_1_60' title='bbox 782 1089 919 1142; x_wconf 90' lang='lat' dir='ltr'><strong>enim</strong></span> <span class='ocrx_word' id='word_1_61' title='bbox 979 1086 1318 1142; x_wconf 71' lang='lat' dir='ltr'><strong>adhibiturus</strong></span> <span class='ocrx_word' id='word_1_62' title='bbox 1378 1087 1474 1143; x_wconf 85' lang='lat' dir='ltr'><strong>suit</strong></span> <span class='ocrx_word' id='word_1_63' title='bbox 1533 1087 1663 1143; x_wconf 85' lang='lat' dir='ltr'><strong>illud</strong></span> <span class='ocrx_word' id='word_1_64' title='bbox 1709 1088 1946 1144; x_wconf 82' lang='lat' dir='ltr'><strong>deiectu&#39;</strong></span> <span class='ocrx_word' id='word_1_65' title='bbox 1953 1105 2062 1161; x_wconf 82' lang='lat' dir='ltr'><strong>que</strong></span> <span class='ocrx_word' id='word_1_66' title='bbox 2122 1086 2273 1160; x_wconf 88' lang='lat' dir='ltr'><strong>(cum</strong></span> <span class='ocrx_word' id='word_1_67' title='bbox 2308 1090 2622 1161; x_wconf 85' lang='lat' dir='ltr'><strong>praesertim</strong></span> 
     </span>
     <span class='ocr_line' id='line_1_9' title="bbox 310 1167 2625 1247; baseline 0 -20"><span class='ocrx_word' id='word_1_68' title='bbox 310 1175 556 1247; x_wconf 89' lang='lat' dir='ltr'><strong>quintus</strong></span> <span class='ocrx_word' id='word_1_69' title='bbox 606 1189 701 1246; x_wconf 85' lang='lat' dir='ltr'><strong>pes</strong></span> <span class='ocrx_word' id='word_1_70' title='bbox 748 1174 975 1227; x_wconf 83' lang='lat' dir='ltr'><strong>trimetti</strong></span> <span class='ocrx_word' id='word_1_71' title='bbox 1023 1170 1193 1226; x_wconf 87' lang='lat' dir='ltr'><strong>multo</strong></span> <span class='ocrx_word' id='word_1_72' title='bbox 1241 1174 1410 1246; x_wconf 82' lang='lat' dir='ltr'><strong>magis</strong></span> <span class='ocrx_word' id='word_1_73' title='bbox 1457 1182 1591 1227; x_wconf 84' lang='lat' dir='ltr'><strong>amet</strong></span> <span class='ocrx_word' id='word_1_74' title='bbox 1627 1167 2077 1245; x_wconf 76' lang='grc' dir='ltr'><strong>σπονδειᾶζειν),</strong></span> <span class='ocrx_word' id='word_1_75' title='bbox 2123 1174 2225 1228; x_wconf 91' lang='lat' dir='ltr'><strong>nisi</strong></span> <span class='ocrx_word' id='word_1_76' title='bbox 2272 1182 2426 1227; x_wconf 85' lang='lat' dir='ltr'><strong>autea</strong></span> <span class='ocrx_word' id='word_1_77' title='bbox 2457 1174 2625 1245; x_wconf 72' lang='lat' dir='ltr'><strong>sclip-</strong></span> 
     </span>
     <span class='ocr_line' id='line_1_10' title="bbox 308 1255 2622 1327; baseline 0 -16"><span class='ocrx_word' id='word_1_78' title='bbox 308 1260 487 1313; x_wconf 79' lang='lat' dir='ltr'>sisset</span> <span class='ocrx_word' id='word_1_79' title='bbox 536 1255 819 1327; x_wconf 83' lang='lat' dir='ltr'><strong>detrusu&#39;,</strong></span> <span class='ocrx_word' id='word_1_80' title='bbox 867 1258 1129 1311; x_wconf 71' lang='lat' dir='ltr'><strong>vitaturus</strong></span> <span class='ocrx_word' id='word_1_81' title='bbox 1165 1256 1364 1312; x_wconf 80' lang='lat' dir='ltr'><strong>scilicet</strong></span> <span class='ocrx_word' id='word_1_82' title='bbox 1413 1274 1480 1312; x_wconf 89' lang='lat' dir='ltr'><strong>ne</strong></span> <span class='ocrx_word' id='word_1_83' title='bbox 1527 1257 1747 1311; x_wconf 88' lang='lat' dir='ltr'><strong>ultimus</strong></span> <span class='ocrx_word' id='word_1_84' title='bbox 1793 1257 1946 1312; x_wconf 89' lang='lat' dir='ltr'><strong>solus</strong></span> <span class='ocrx_word' id='word_1_85' title='bbox 1993 1256 2195 1312; x_wconf 88' lang='lat' dir='ltr'><strong>iambus</strong></span> <span class='ocrx_word' id='word_1_86' title='bbox 2242 1265 2383 1313; x_wconf 89' lang='lat' dir='ltr'><strong>esset</strong></span> <span class='ocrx_word' id='word_1_87' title='bbox 2420 1258 2472 1313; x_wconf 91' lang='lat' dir='ltr'><strong>in</strong></span> <span class='ocrx_word' id='word_1_88' title='bbox 2507 1266 2622 1313; x_wconf 86' lang='lat' dir='ltr'><strong>tuto</strong></span> 
     </span>
     <span class='ocr_line' id='line_1_11' title="bbox 310 1340 2621 1415; baseline 0.001 -18"><span class='ocrx_word' id='word_1_89' title='bbox 310 1352 521 1397; x_wconf 79' lang='lat' dir='ltr'><strong>metm.</strong></span> <span class='ocrx_word' id='word_1_90' title='bbox 578 1371 655 1380; x_wconf 89' lang='lat'><strong>-—</strong></span> <span class='ocrx_word' id='word_1_91' title='bbox 703 1340 879 1397; x_wconf 84' lang='lat' dir='ltr'><strong>Italia</strong></span> <span class='ocrx_word' id='word_1_92' title='bbox 925 1340 1073 1396; x_wconf 86' lang='lat' dir='ltr'><strong>hrevi</strong></span> <span class='ocrx_word' id='word_1_93' title='bbox 1118 1342 1283 1413; x_wconf 87' lang='lat' dir='ltr'><strong>prima</strong></span> <span class='ocrx_word' id='word_1_94' title='bbox 1333 1343 1384 1396; x_wconf 91' lang='lat' dir='ltr'><strong>in</strong></span> <span class='ocrx_word' id='word_1_95' title='bbox 1434 1350 1604 1396; x_wconf 88' lang='lat' dir='ltr'><strong>metro</strong></span> <span class='ocrx_word' id='word_1_96' title='bbox 1652 1340 1876 1397; x_wconf 88' lang='lat' dir='ltr'><strong>iambico</strong></span> <span class='ocrx_word' id='word_1_97' title='bbox 1923 1350 1978 1397; x_wconf 94' lang='lat' dir='ltr'><strong>ut</strong></span> <span class='ocrx_word' id='word_1_98' title='bbox 2029 1345 2339 1414; x_wconf 75' lang='lat' dir='ltr'><strong>reliquiae,</strong></span> <span class='ocrx_word' id='word_1_99' title='bbox 2398 1346 2621 1415; x_wconf 74' lang='lat' dir='ltr'><strong>reliyio.</strong></span> 
     </span>
     <span class='ocr_line' id='line_1_12' title="bbox 496 1426 2621 1501; baseline -0.001 -18"><span class='ocrx_word' id='word_1_100' title='bbox 496 1427 559 1483; x_wconf 82' lang='lat'><strong>5.</strong></span> <span class='ocrx_word' id='word_1_101' title='bbox 639 1426 889 1481; x_wconf 84' lang='lat' dir='ltr'><strong>videntur</strong></span> <span class='ocrx_word' id='word_1_102' title='bbox 936 1426 1064 1481; x_wconf 88' lang='lat' dir='ltr'><strong>haec</strong></span> <span class='ocrx_word' id='word_1_103' title='bbox 1107 1427 1303 1499; x_wconf 86' lang='lat' dir='ltr'><strong>scripta</strong></span> <span class='ocrx_word' id='word_1_104' title='bbox 1348 1442 1469 1480; x_wconf 85' lang='lat' dir='ltr'><strong>esse</strong></span> <span class='ocrx_word' id='word_1_105' title='bbox 1514 1426 1576 1480; x_wconf 86' lang='lat' dir='ltr'><strong>ad</strong></span> <span class='ocrx_word' id='word_1_106' title='bbox 1623 1427 1959 1481; x_wconf 83' lang='lat' dir='ltr'><strong>excusandos</strong></span> <span class='ocrx_word' id='word_1_107' title='bbox 2006 1442 2132 1497; x_wconf 91' lang='lat' dir='ltr'><strong>eos,</strong></span> <span class='ocrx_word' id='word_1_108' title='bbox 2191 1429 2281 1500; x_wconf 90' lang='lat' dir='ltr'><strong>qui</strong></span> <span class='ocrx_word' id='word_1_109' title='bbox 2327 1444 2621 1501; x_wconf 77' lang='lat' dir='ltr'><strong>puerorum</strong></span> 
     </span>
     <span class='ocr_line' id='line_1_13' title="bbox 312 1508 2566 1586; baseline -0.001 -19"><span class='ocrx_word' id='word_1_110' title='bbox 312 1520 654 1567; x_wconf 85' lang='lat' dir='ltr'><strong>tenerentur</strong></span> <span class='ocrx_word' id='word_1_111' title='bbox 691 1508 978 1565; x_wconf 88' lang='lat' dir='ltr'><strong>amoribus.</strong></span> <span class='ocrx_word' id='word_1_112' title='bbox 1024 1539 1109 1549; x_wconf 92' lang='lat'><strong>—-</strong></span> <span class='ocrx_word' id='word_1_113' title='bbox 1153 1511 1343 1583; x_wconf 86' lang='lat' dir='ltr'><strong>nilque</strong></span> <span class='ocrx_word' id='word_1_114' title='bbox 1390 1517 1575 1565; x_wconf 81' lang='lat' dir='ltr'><strong>amat.-</strong></span> <span class='ocrx_word' id='word_1_115' title='bbox 1621 1512 1743 1583; x_wconf 87' lang='lat' dir='ltr'><strong>quia</strong></span> <span class='ocrx_word' id='word_1_116' title='bbox 1789 1509 1982 1566; x_wconf 80' lang='lat' dir='ltr'><strong>‘forma</strong></span> <span class='ocrx_word' id='word_1_117' title='bbox 2029 1510 2227 1566; x_wconf 86' lang='lat' dir='ltr'><strong>bouum</strong></span> <span class='ocrx_word' id='word_1_118' title='bbox 2277 1511 2539 1586; x_wconf 82' lang='lat' dir='ltr'><strong>l&#39;r.agilest</strong></span> <span class='ocrx_word' id='word_1_119' title='bbox 2549 1510 2566 1537; x_wconf 80' lang='lat'><em>⁹</em></span> 
     </span>
     <span class='ocr_line' id='line_1_14' title="bbox 495 1595 2622 1668; baseline -0.003 -16"><span class='ocrx_word' id='word_1_120' title='bbox 495 1596 557 1653; x_wconf 83' lang='lat'><strong>6.</strong></span> <span class='ocrx_word' id='word_1_121' title='bbox 632 1612 765 1651; x_wconf 89' lang='lat' dir='ltr'><strong>nam</strong></span> <span class='ocrx_word' id='word_1_122' title='bbox 794 1596 1096 1650; x_wconf 78' lang='lat' dir='ltr'><strong>discrimen</strong></span> <span class='ocrx_word' id='word_1_123' title='bbox 1130 1611 1241 1649; x_wconf 84' lang='lat' dir='ltr'><strong>non</strong></span> <span class='ocrx_word' id='word_1_124' title='bbox 1283 1595 1457 1667; x_wconf 80' lang='lat' dir='ltr'><strong>facit,</strong></span> <span class='ocrx_word' id='word_1_125' title='bbox 1502 1598 1665 1668; x_wconf 81' lang='lat' dir='ltr'><strong>quei.-</strong></span> <span class='ocrx_word' id='word_1_126' title='bbox 1707 1596 2004 1651; x_wconf 76' lang='lat' dir='ltr'><strong>rectissime</strong></span> <span class='ocrx_word' id='word_1_127' title='bbox 2026 1598 2321 1668; x_wconf 84' lang='lat' dir='ltr'><strong>peispexit</strong></span> <span class='ocrx_word' id='word_1_128' title='bbox 2353 1596 2622 1650; x_wconf 80' lang='lat' dir='ltr'><strong>Mercerus</strong></span> 
     </span>
     <span class='ocr_line' id='line_1_15' title="bbox 314 1664 2628 1754; baseline 0 -19"><span class='ocrx_word' id='word_1_129' title='bbox 314 1664 470 1754; x_wconf 80' lang='lat' dir='ltr'><strong>tangi</strong></span> <span class='ocrx_word' id='word_1_130' title='bbox 536 1679 836 1735; x_wconf 78' lang='lat' dir='ltr'><strong>Charmidis</strong></span> <span class='ocrx_word' id='word_1_131' title='bbox 896 1678 1159 1734; x_wconf 76' lang='lat' dir='ltr'><strong>Platonici</strong></span> <span class='ocrx_word' id='word_1_132' title='bbox 1230 1687 1392 1751; x_wconf 88' lang='lat' dir='ltr'><strong>caput</strong></span> <span class='ocrx_word' id='word_1_133' title='bbox 1450 1679 1544 1750; x_wconf 85' lang='lat' dir='ltr'><strong>tlt,</strong></span> <span class='ocrx_word' id='word_1_134' title='bbox 1613 1678 1702 1734; x_wconf 86' lang='lat' dir='ltr'><strong>uhi</strong></span> <span class='ocrx_word' id='word_1_135' title='bbox 1758 1682 1826 1735; x_wconf 91' lang='lat' dir='ltr'><strong>ait</strong></span> <span class='ocrx_word' id='word_1_136' title='bbox 1887 1680 2136 1734; x_wconf 79' lang='lat' dir='ltr'><strong>Socrates</strong></span> <span class='ocrx_word' id='word_1_137' title='bbox 2196 1697 2315 1734; x_wconf 76' lang='lat' dir='ltr'><strong>sese</strong></span> <span class='ocrx_word' id='word_1_138' title='bbox 2370 1672 2628 1754; x_wconf 72' lang='grc' dir='ltr'><strong>ἀτεχνῶς</strong></span> 
     </span>
     <span class='ocr_line' id='line_1_16' title="bbox 310 1752 2623 1840; baseline -0.001 -19"><span class='ocrx_word' id='word_1_139' title='bbox 310 1759 555 1840; x_wconf 84' lang='grc' dir='ltr'><strong><em>λευκὴν</em></strong></span> <span class='ocrx_word' id='word_1_140' title='bbox 588 1755 867 1834; x_wconf 76' lang='grc' dir='ltr'><strong>στάθμην</strong></span> <span class='ocrx_word' id='word_1_141' title='bbox 897 1752 1048 1818; x_wconf 83' lang='grc' dir='ltr'><strong><em>εἶναι</em></strong></span> <span class='ocrx_word' id='word_1_142' title='bbox 1079 1755 1228 1837; x_wconf 76' lang='grc' dir='ltr'><strong><em>πρὸς</em></strong></span> <span class='ocrx_word' id='word_1_143' title='bbox 1261 1758 1397 1832; x_wconf 84' lang='grc' dir='ltr'><strong><em>τοὺς</em></strong></span> <span class='ocrx_word' id='word_1_144' title='bbox 1429 1759 1670 1831; x_wconf 82' lang='grc' dir='ltr'><strong><em>καλούς.</em></strong></span> <span class='ocrx_word' id='word_1_145' title='bbox 1736 1763 1831 1819; x_wconf 70' lang='lat' dir='ltr'><strong>secl</strong></span> <span class='ocrx_word' id='word_1_146' title='bbox 1878 1766 2021 1819; x_wconf 90' lang='lat' dir='ltr'><strong>enim</strong></span> <span class='ocrx_word' id='word_1_147' title='bbox 2070 1765 2172 1819; x_wconf 88' lang='lat' dir='ltr'><strong>hoc</strong></span> <span class='ocrx_word' id='word_1_148' title='bbox 2219 1774 2375 1837; x_wconf 89' lang='lat' dir='ltr'><strong>pacto</strong></span> <span class='ocrx_word' id='word_1_149' title='bbox 2408 1774 2623 1838; x_wconf 88' lang='lat' dir='ltr'><strong>apparet</strong></span> 
     </span>
     <span class='ocr_line' id='line_1_17' title="bbox 314 1845 2625 1924; baseline -0 -20"><span class='ocrx_word' id='word_1_150' title='bbox 314 1851 520 1906; x_wconf 79' lang='lat' dir='ltr'><strong>falsum</strong></span> <span class='ocrx_word' id='word_1_151' title='bbox 575 1866 698 1913; x_wconf 83' lang='lat' dir='ltr'><strong>esse</strong></span> <span class='ocrx_word' id='word_1_152' title='bbox 745 1848 873 1904; x_wconf 81' lang='lat' dir='ltr'><strong>illud</strong></span> <span class='ocrx_word' id='word_1_153' title='bbox 921 1864 1132 1920; x_wconf 81' lang='lat' dir='ltr'><strong>neque,</strong></span> <span class='ocrx_word' id='word_1_154' title='bbox 1192 1865 1307 1902; x_wconf 80' lang='lat' dir='ltr'><strong>naui</strong></span> <span class='ocrx_word' id='word_1_155' title='bbox 1356 1849 1629 1904; x_wconf 89' lang='lat' dir='ltr'><strong>verissime</strong></span> <span class='ocrx_word' id='word_1_156' title='bbox 1686 1849 2003 1905; x_wconf 70' lang='lat' dir='ltr'><strong>scholiastes</strong></span> <span class='ocrx_word' id='word_1_157' title='bbox 2049 1848 2287 1903; x_wconf 81' lang='lat' dir='ltr'><strong>Platonis</strong></span> <span class='ocrx_word' id='word_1_158' title='bbox 2343 1845 2625 1924; x_wconf 78' lang='grc' dir='ltr'><strong><em>παροιμία</em></strong></span> 
     </span>
     <span class='ocr_line' id='line_1_18' title="bbox 311 1919 2624 2013; baseline -0 -23"><span class='ocrx_word' id='word_1_159' title='bbox 311 1930 505 2009; x_wconf 80' lang='grc' dir='ltr'><strong><em>λευκὴ</em></strong></span> <span class='ocrx_word' id='word_1_160' title='bbox 551 1929 837 2007; x_wconf 83' lang='grc' dir='ltr'><strong><em>σταθμη</em></strong></span> <span class='ocrx_word' id='word_1_161' title='bbox 840 1927 935 1989; x_wconf 80' lang='grc' dir='ltr'><strong>ἐπὶ</strong></span> <span class='ocrx_word' id='word_1_162' title='bbox 966 1952 1085 1987; x_wconf 87' lang='grc' dir='ltr'><strong>των</strong></span> <span class='ocrx_word' id='word_1_163' title='bbox 1128 1919 1321 2003; x_wconf 71' lang='grc' dir='ltr'><strong><em>ἄδηλα</em></strong></span> <span class='ocrx_word' id='word_1_164' title='bbox 1364 1923 1606 2006; x_wconf 68' lang='grc' dir='ltr'><strong><em>ἀδήλοις</em></strong></span> <span class='ocrx_word' id='word_1_165' title='bbox 1650 1927 2097 2007; x_wconf 73' lang='grc' dir='ltr'><strong><em>σημειουμένων</em></strong></span> <span class='ocrx_word' id='word_1_166' title='bbox 2140 1923 2256 1988; x_wconf 68' lang='grc' dir='ltr'><strong>κᾶν</strong></span> <span class='ocrx_word' id='word_1_167' title='bbox 2300 1927 2484 2013; x_wconf 77' lang='grc' dir='ltr'><strong><em>τούτῳ</em></strong></span> <span class='ocrx_word' id='word_1_168' title='bbox 2513 1953 2624 2007; x_wconf 82' lang='grc' dir='ltr'><strong>μη-</strong></span> 
     </span>
     <span class='ocr_line' id='line_1_19' title="bbox 313 1991 2627 2099; baseline -0.001 -24"><span class='ocrx_word' id='word_1_169' title='bbox 313 2013 448 2091; x_wconf 78' lang='grc' dir='ltr'><strong>δὲν,</strong></span> <span class='ocrx_word' id='word_1_170' title='bbox 496 2012 850 2075; x_wconf 80' lang='grc' dir='ltr'><strong>συνιέντων.</strong></span> <span class='ocrx_word' id='word_1_171' title='bbox 920 2009 958 2090; x_wconf 83' lang='grc' dir='ltr'><em>ἡ</em></span> <span class='ocrx_word' id='word_1_172' title='bbox 1001 2012 1116 2092; x_wconf 76' lang='grc' dir='ltr'><strong>γαρ</strong></span> <span class='ocrx_word' id='word_1_173' title='bbox 1158 2012 1225 2073; x_wconf 76' lang='grc' dir='ltr'><strong>ἐν</strong></span> <span class='ocrx_word' id='word_1_174' title='bbox 1266 2019 1390 2085; x_wconf 83' lang='grc' dir='ltr'><strong><em>τοῖς</em></strong></span> <span class='ocrx_word' id='word_1_175' title='bbox 1435 2018 1670 2085; x_wconf 81' lang='grc' dir='ltr'><strong><em>λευκοῖς</em></strong></span> <span class='ocrx_word' id='word_1_176' title='bbox 1714 2014 1909 2099; x_wconf 81' lang='grc' dir='ltr'><strong><em>λίθοις</em></strong></span> <span class='ocrx_word' id='word_1_177' title='bbox 1952 2013 2190 2091; x_wconf 73' lang='grc' dir='ltr'><strong><em>στάθμη</em></strong></span> <span class='ocrx_word' id='word_1_178' title='bbox 2232 2013 2409 2092; x_wconf 79' lang='grc' dir='ltr'><strong><em>λευκὴ</em></strong></span> <span class='ocrx_word' id='word_1_179' title='bbox 2445 1991 2627 2073; x_wconf 79' lang='grc' dir='ltr'><strong><em>οὐδὲν</em></strong></span> 
     </span>
     <span class='ocr_line' id='line_1_20' title="bbox 315 2088 2625 2177; baseline -0.001 -17"><span class='ocrx_word' id='word_1_180' title='bbox 315 2100 589 2160; x_wconf 81' lang='grc' dir='ltr'><strong>δύναται</strong></span> <span class='ocrx_word' id='word_1_181' title='bbox 619 2096 929 2158; x_wconf 82' lang='grc' dir='ltr'><strong>δεικνύναι</strong></span> <span class='ocrx_word' id='word_1_182' title='bbox 959 2098 1058 2156; x_wconf 79' lang='grc' dir='ltr'><strong>διὰ</strong></span> <span class='ocrx_word' id='word_1_183' title='bbox 1091 2095 1153 2156; x_wconf 83' lang='grc' dir='ltr'><strong>τὸ</strong></span> <span class='ocrx_word' id='word_1_184' title='bbox 1181 2095 1263 2175; x_wconf 82' lang='grc' dir='ltr'><strong>μὴ</strong></span> <span class='ocrx_word' id='word_1_185' title='bbox 1295 2097 1741 2177; x_wconf 75' lang='grc' dir='ltr'><strong>παραλλάττειν,</strong></span> <span class='ocrx_word' id='word_1_186' title='bbox 1772 2088 2052 2177; x_wconf 72' lang='grc' dir='ltr'><strong><em>καθάπερ</em></strong></span> <span class='ocrx_word' id='word_1_187' title='bbox 2082 2123 2119 2176; x_wconf 81' lang='grc' dir='ltr'><em>η</em></span> <span class='ocrx_word' id='word_1_188' title='bbox 2153 2097 2250 2157; x_wconf 74' lang='grc' dir='ltr'><strong>διὰ</strong></span> <span class='ocrx_word' id='word_1_189' title='bbox 2287 2107 2390 2177; x_wconf 80' lang='grc' dir='ltr'><strong>τῆς</strong></span> <span class='ocrx_word' id='word_1_190' title='bbox 2421 2099 2625 2177; x_wconf 89' lang='grc' dir='ltr'><strong><em>μίλτου</em></strong></span> 
     </span>
     <span class='ocr_line' id='line_1_21' title="bbox 312 2179 1471 2265; baseline -0.003 -20"><span class='ocrx_word' id='word_1_191' title='bbox 312 2182 636 2265; x_wconf 74' lang='grc' dir='ltr'><strong>γινομένη,</strong></span> <span class='ocrx_word' id='word_1_192' title='bbox 668 2179 750 2256; x_wconf 78' lang='grc' dir='ltr'><strong>ὥς</strong></span> <span class='ocrx_word' id='word_1_193' title='bbox 781 2184 1099 2261; x_wconf 71' lang='grc' dir='ltr'><strong><em>Σοφοκλῆς</em></strong></span> <span class='ocrx_word' id='word_1_194' title='bbox 1131 2183 1471 2260; x_wconf 80' lang='grc' dir='ltr'><strong><em>Κηδαλίωνι</em></strong></span> 
     </span>
    </p>
   </div>
   <div class='ocr_carea' id='block_1_3' title="bbox 592 2307 1990 2479">
    <p class='ocr_par' dir='ltr' id='par_1_3' title="bbox 592 2307 1990 2479">
     <span class='ocr_line' id='line_1_22' title="bbox 592 2307 1990 2392; baseline -0.001 -21"><span class='ocrx_word' id='word_1_195' title='bbox 592 2317 712 2384; x_wconf 85' lang='grc' dir='ltr'><strong><em>τοῖς</em></strong></span> <span class='ocrx_word' id='word_1_196' title='bbox 741 2309 852 2388; x_wconf 80' lang='grc' dir='ltr'><strong>μὲν</strong></span> <span class='ocrx_word' id='word_1_197' title='bbox 879 2311 1073 2392; x_wconf 76' lang='grc' dir='ltr'><strong><em>λόγοις</em></strong></span> <span class='ocrx_word' id='word_1_198' title='bbox 1102 2316 1226 2384; x_wconf 66' lang='grc' dir='ltr'><strong><em>τοῖς</em></strong></span> <span class='ocrx_word' id='word_1_199' title='bbox 1257 2316 1454 2372; x_wconf 87' lang='grc' dir='ltr'><strong>σοῖσιν</strong></span> <span class='ocrx_word' id='word_1_200' title='bbox 1483 2307 1556 2371; x_wconf 80' lang='grc' dir='ltr'><strong>οὐ</strong></span> <span class='ocrx_word' id='word_1_201' title='bbox 1589 2312 1990 2391; x_wconf 77' lang='grc' dir='ltr'><strong>τεκμαίρομαι,</strong></span> 
     </span>
     <span class='ocr_line' id='line_1_23' title="bbox 592 2393 1895 2479; baseline 0.002 -23"><span class='ocrx_word' id='word_1_202' title='bbox 592 2393 663 2456; x_wconf 77' lang='grc' dir='ltr'><strong>οὐ</strong></span> <span class='ocrx_word' id='word_1_203' title='bbox 694 2401 918 2474; x_wconf 79' lang='grc' dir='ltr'><strong><em>μᾶλλον</em></strong></span> <span class='ocrx_word' id='word_1_204' title='bbox 945 2394 987 2474; x_wconf 83' lang='grc' dir='ltr'><em>ἢ</em></span> <span class='ocrx_word' id='word_1_205' title='bbox 1020 2398 1209 2479; x_wconf 78' lang='grc' dir='ltr'><strong><em>λευκῷ</em></strong></span> <span class='ocrx_word' id='word_1_206' title='bbox 1237 2397 1391 2478; x_wconf 80' lang='grc' dir='ltr'><strong><em>λίθῳ</em></strong></span> <span class='ocrx_word' id='word_1_207' title='bbox 1419 2395 1600 2476; x_wconf 78' lang='grc' dir='ltr'><strong><em>λευκὴ</em></strong></span> <span class='ocrx_word' id='word_1_208' title='bbox 1632 2396 1895 2475; x_wconf 76' lang='grc' dir='ltr'><strong>στάθμη.</strong></span> 
     </span>
    </p>
   </div>
   <div class='ocr_carea' id='block_1_4' title="bbox 316 2527 2627 3122">
    <p class='ocr_par' dir='ltr' id='par_1_4' title="bbox 316 2527 2627 3122">
     <span class='ocr_line' id='line_1_24' title="bbox 318 2527 2623 2615; baseline -0.001 -17"><span class='ocrx_word' id='word_1_209' title='bbox 318 2541 654 2599; x_wconf 75' lang='lat' dir='ltr'><strong>Plutarchus</strong></span> <span class='ocrx_word' id='word_1_210' title='bbox 710 2533 844 2615; x_wconf 78' lang='grc' dir='ltr'><strong><em>περὶ</em></strong></span> <span class='ocrx_word' id='word_1_211' title='bbox 899 2531 1244 2614; x_wconf 70' lang='grc' dir='ltr'><strong><em>ἀδολεσχίας</em></strong></span> <span class='ocrx_word' id='word_1_212' title='bbox 1308 2539 1431 2595; x_wconf 82' lang='grc'><strong>514</strong></span> <span class='ocrx_word' id='word_1_213' title='bbox 1497 2533 1615 2595; x_wconf 76' lang='grc' dir='ltr'><strong><em>ἔστι</em></strong></span> <span class='ocrx_word' id='word_1_214' title='bbox 1676 2531 1786 2613; x_wconf 83' lang='grc' dir='ltr'><strong>μὲν</strong></span> <span class='ocrx_word' id='word_1_215' title='bbox 1849 2527 1961 2595; x_wconf 78' lang='grc' dir='ltr'><strong>οὖν</strong></span> <span class='ocrx_word' id='word_1_216' title='bbox 2023 2531 2279 2613; x_wconf 77' lang='grc' dir='ltr'><strong><em>ἆτεχνῶς</em></strong></span> <span class='ocrx_word' id='word_1_217' title='bbox 2341 2531 2376 2596; x_wconf 64' lang='lat'><strong>‘1³</strong></span> <span class='ocrx_word' id='word_1_218' title='bbox 2445 2534 2623 2612; x_wconf 71' lang='grc' dir='ltr'><strong><em>λευκὴ</em></strong></span> 
     </span>
     <span class='ocr_line' id='line_1_25' title="bbox 319 2615 2622 2700; baseline -0.001 -19"><span class='ocrx_word' id='word_1_219' title='bbox 319 2624 575 2700; x_wconf 78' lang='grc' dir='ltr'><strong><em>στάθμη</em></strong></span> <span class='ocrx_word' id='word_1_220' title='bbox 607 2615 752 2699; x_wconf 81' lang='grc' dir='ltr'><strong><em>πρὸς</em></strong></span> <span class='ocrx_word' id='word_1_221' title='bbox 785 2619 921 2693; x_wconf 79' lang='grc' dir='ltr'><strong><em>τοὺς</em></strong></span> <span class='ocrx_word' id='word_1_222' title='bbox 953 2620 1163 2700; x_wconf 76' lang='grc' dir='ltr'><strong><em>λόγους</em></strong></span> <span class='ocrx_word' id='word_1_223' title='bbox 1194 2616 1534 2699; x_wconf 78' lang='grc' dir='ltr'><strong><em>ἆδόλεσχος;</em></strong></span> <span class='ocrx_word' id='word_1_224' title='bbox 1566 2624 1637 2681; x_wconf 78' lang='lat' dir='ltr'><strong>cf.</strong></span> <span class='ocrx_word' id='word_1_225' title='bbox 1684 2626 1843 2681; x_wconf 87' lang='lat' dir='ltr'><strong>etiam</strong></span> <span class='ocrx_word' id='word_1_226' title='bbox 1875 2624 2106 2698; x_wconf 81' lang='lat' dir='ltr'><strong>Hesych.</strong></span> <span class='ocrx_word' id='word_1_227' title='bbox 2141 2626 2224 2680; x_wconf 83' lang='lat' dir='ltr'><strong>ed.</strong></span> <span class='ocrx_word' id='word_1_228' title='bbox 2259 2624 2462 2680; x_wconf 84' lang='lat' dir='ltr'><strong>Albert.</strong></span> <span class='ocrx_word' id='word_1_229' title='bbox 2497 2643 2540 2680; x_wconf 82' lang='lat' dir='ltr'><strong>s,</strong></span> <span class='ocrx_word' id='word_1_230' title='bbox 2578 2643 2622 2679; x_wconf 86' lang='lat' dir='ltr'><strong>v.</strong></span> 
     </span>
     <span class='ocr_line' id='line_1_26' title="bbox 316 2705 2624 2785; baseline -0.001 -17"><span class='ocrx_word' id='word_1_231' title='bbox 316 2705 777 2785; x_wconf 80' lang='grc' dir='ltr'><strong>λευκοστοὲθμη.</strong></span> <span class='ocrx_word' id='word_1_232' title='bbox 824 2740 905 2749; x_wconf 89' lang='grc'>-</span> <span class='ocrx_word' id='word_1_233' title='bbox 948 2712 1021 2766; x_wconf 89' lang='lat' dir='ltr'><strong>ita</strong></span> <span class='ocrx_word' id='word_1_234' title='bbox 1070 2712 1225 2765; x_wconf 85' lang='lat' dir='ltr'><strong>etiam</strong></span> <span class='ocrx_word' id='word_1_235' title='bbox 1272 2712 1567 2784; x_wconf 75' lang='lat' dir='ltr'><strong>scriptores</strong></span> <span class='ocrx_word' id='word_1_236' title='bbox 1614 2709 1808 2766; x_wconf 89' lang='lat' dir='ltr'><strong>Latini.</strong></span> <span class='ocrx_word' id='word_1_237' title='bbox 1899 2709 2034 2766; x_wconf 84' lang='lat' dir='ltr'><strong>Geli.</strong></span> <span class='ocrx_word' id='word_1_238' title='bbox 2082 2709 2247 2782; x_wconf 79' lang='lat' dir='ltr'><strong>praes.</strong></span> <span class='ocrx_word' id='word_1_239' title='bbox 2298 2710 2332 2780; x_wconf 72' lang='lat' dir='ltr'>S</span> <span class='ocrx_word' id='word_1_240' title='bbox 2373 2710 2442 2765; x_wconf 89' lang='lat'><strong>11</strong></span> <span class='ocrx_word' id='word_1_241' title='bbox 2494 2711 2624 2765; x_wconf 83' lang='lat' dir='ltr'><strong>alba</strong></span> 
     </span>
     <span class='ocr_line' id='line_1_27' title="bbox 320 2796 2625 2867; baseline -0.003 -13"><span class='ocrx_word' id='word_1_242' title='bbox 320 2806 381 2854; x_wconf 83' lang='lat' dir='ltr'><strong>u!</strong></span> <span class='ocrx_word' id='word_1_243' title='bbox 428 2798 655 2852; x_wconf 80' lang='lat' dir='ltr'><strong>dicitur</strong></span> <span class='ocrx_word' id='word_1_244' title='bbox 696 2798 850 2852; x_wconf 85' lang='lat' dir='ltr'><strong>linea</strong></span> <span class='ocrx_word' id='word_1_245' title='bbox 897 2799 1018 2851; x_wconf 87' lang='lat' dir='ltr'><strong>sine</strong></span> <span class='ocrx_word' id='word_1_246' title='bbox 1063 2811 1210 2850; x_wconf 84' lang='lat' dir='ltr'><strong>cura</strong></span> <span class='ocrx_word' id='word_1_247' title='bbox 1242 2797 1606 2851; x_wconf 72' lang='lat' dir='ltr'><strong>discriminis,</strong></span> <span class='ocrx_word' id='word_1_248' title='bbox 1681 2799 1816 2867; x_wconf 82' lang='lat' dir='ltr'><strong>quei</strong></span> <span class='ocrx_word' id='word_1_249' title='bbox 1842 2810 1940 2867; x_wconf 91' lang='lat' dir='ltr'><strong>pro</strong></span> <span class='ocrx_word' id='word_1_250' title='bbox 1972 2810 2184 2866; x_wconf 84' lang='lat' dir='ltr'><strong>neque.-</strong></span> <span class='ocrx_word' id='word_1_251' title='bbox 2231 2796 2479 2849; x_wconf 89' lang='lat' dir='ltr'><strong>nimirum</strong></span> <span class='ocrx_word' id='word_1_252' title='bbox 2511 2801 2625 2849; x_wconf 88' lang='lat' dir='ltr'><strong>erat</strong></span> 
     </span>
     <span class='ocr_line' id='line_1_28' title="bbox 322 2877 2626 2953; baseline -0.001 -17"><span class='ocrx_word' id='word_1_253' title='bbox 322 2881 595 2936; x_wconf 84' lang='lat' dir='ltr'><strong>traditum</strong></span> <span class='ocrx_word' id='word_1_254' title='bbox 643 2881 941 2953; x_wconf 86' lang='lat' dir='ltr'><strong>antiquitus</strong></span> <span class='ocrx_word' id='word_1_255' title='bbox 988 2877 1309 2953; x_wconf 83' lang='lat' dir='ltr'><strong>pervulgato</strong></span> <span class='ocrx_word' id='word_1_256' title='bbox 1355 2895 1542 2934; x_wconf 89' lang='lat' dir='ltr'><strong>errore</strong></span> <span class='ocrx_word' id='word_1_257' title='bbox 1588 2895 1730 2951; x_wconf 82' lang='lat' dir='ltr'><strong>que.-</strong></span> <span class='ocrx_word' id='word_1_258' title='bbox 1773 2878 1823 2933; x_wconf 88' lang='lat' dir='ltr'><strong>id</strong></span> <span class='ocrx_word' id='word_1_259' title='bbox 1874 2888 1932 2934; x_wconf 89' lang='lat' dir='ltr'><strong>nt</strong></span> <span class='ocrx_word' id='word_1_260' title='bbox 1963 2880 2282 2934; x_wconf 88' lang='lat' dir='ltr'><strong>seutentiam</strong></span> <span class='ocrx_word' id='word_1_261' title='bbox 2329 2886 2515 2952; x_wconf 90' lang='lat' dir='ltr'><strong>posset</strong></span> <span class='ocrx_word' id='word_1_262' title='bbox 2547 2882 2626 2934; x_wconf 88' lang='lat' dir='ltr'><strong>iu·</strong></span> 
     </span>
     <span class='ocr_line' id='line_1_29' title="bbox 320 2963 2625 3037; baseline -0.002 -15"><span class='ocrx_word' id='word_1_263' title='bbox 320 2969 550 3028; x_wconf 78' lang='lat' dir='ltr'><strong>cohare,</strong></span> <span class='ocrx_word' id='word_1_264' title='bbox 600 2965 895 3037; x_wconf 84' lang='lat' dir='ltr'><strong>repositum</strong></span> <span class='ocrx_word' id='word_1_265' title='bbox 942 2972 1025 3019; x_wconf 87' lang='lat' dir='ltr'><strong>est</strong></span> <span class='ocrx_word' id='word_1_266' title='bbox 1070 2979 1273 3037; x_wconf 84' lang='lat' dir='ltr'><strong>neque.</strong></span> <span class='ocrx_word' id='word_1_267' title='bbox 1348 2966 1487 3020; x_wconf 81' lang='lat' dir='ltr'><strong>idem</strong></span> <span class='ocrx_word' id='word_1_268' title='bbox 1519 2980 1676 3019; x_wconf 87' lang='lat' dir='ltr'><strong>error</strong></span> <span class='ocrx_word' id='word_1_269' title='bbox 1718 2963 1840 3019; x_wconf 86' lang='lat' dir='ltr'><strong>Tac.</strong></span> <span class='ocrx_word' id='word_1_270' title='bbox 1874 2980 1995 3017; x_wconf 90' lang='lat' dir='ltr'><strong>ann.</strong></span> <span class='ocrx_word' id='word_1_271' title='bbox 2031 2963 2115 3034; x_wconf 84' lang='lat' dir='ltr'><strong>vt,</strong></span> <span class='ocrx_word' id='word_1_272' title='bbox 2148 2963 2184 3018; x_wconf 88' lang='lat'>5</span> <span class='ocrx_word' id='word_1_273' title='bbox 2231 2978 2381 3035; x_wconf 82' lang='lat' dir='ltr'><strong>quae</strong></span> <span class='ocrx_word' id='word_1_274' title='bbox 2412 2972 2625 3020; x_wconf 72' lang='lat' dir='ltr'><strong>curiata</strong></span> 
     </span>
     <span class='ocr_line' id='line_1_30' title="bbox 322 3046 2627 3122; baseline -0.002 -16"><span class='ocrx_word' id='word_1_275' title='bbox 322 3072 357 3106; x_wconf 91' lang='lat' dir='ltr'><strong>a</strong></span> <span class='ocrx_word' id='word_1_276' title='bbox 385 3050 752 3122; x_wconf 84' lang='lat' dir='ltr'><strong>primoribus</strong></span> <span class='ocrx_word' id='word_1_277' title='bbox 794 3052 1036 3105; x_wconf 83' lang='lat' dir='ltr'><strong>civitatis</strong></span> <span class='ocrx_word' id='word_1_278' title='bbox 1079 3050 1502 3118; x_wconf 77' lang='lat' dir='ltr'><strong>revincebatur,</strong></span> <span class='ocrx_word' id='word_1_279' title='bbox 1554 3047 1642 3103; x_wconf 90' lang='lat' dir='ltr'><strong>ubi</strong></span> <span class='ocrx_word' id='word_1_280' title='bbox 1687 3046 2214 3103; x_wconf 68' lang='lat' dir='ltr'><strong>eti-‘immemhranae</strong></span> <span class='ocrx_word' id='word_1_281' title='bbox 2249 3064 2454 3121; x_wconf 81' lang='lat' dir='ltr'><strong>neque,</strong></span> <span class='ocrx_word' id='word_1_282' title='bbox 2501 3048 2627 3102; x_wconf 77' lang='lat' dir='ltr'><strong>sul»-</strong></span> 
     </span>
    </p>
   </div>
   <div class='ocr_carea' id='block_1_5' title="bbox 323 3132 2742 3207">
    <p class='ocr_par' dir='ltr' id='par_1_5' title="bbox 323 3132 2742 3207">
     <span class='ocr_line' id='line_1_31' title="bbox 323 3132 2742 3207; baseline -0.003 -16"><span class='ocrx_word' id='word_1_283' title='bbox 323 3137 468 3192; x_wconf 87' lang='lat' dir='ltr'><strong>latus</strong></span> <span class='ocrx_word' id='word_1_284' title='bbox 518 3152 547 3188; x_wconf 88' lang='lat' dir='ltr'><strong>a</strong></span> <span class='ocrx_word' id='word_1_285' title='bbox 599 3133 941 3207; x_wconf 82' lang='lat' dir='ltr'><strong>Nipperdeio.</strong></span> <span class='ocrx_word' id='word_1_286' title='bbox 990 3164 1072 3173; x_wconf 92' lang='lat'><strong>—-</strong></span> <span class='ocrx_word' id='word_1_287' title='bbox 1117 3152 1246 3189; x_wconf 87' lang='lat' dir='ltr'><strong>nam</strong></span> <span class='ocrx_word' id='word_1_288' title='bbox 1294 3150 1393 3206; x_wconf 91' lang='lat' dir='ltr'><strong>pro</strong></span> <span class='ocrx_word' id='word_1_289' title='bbox 1439 3151 1571 3189; x_wconf 85' lang='lat' dir='ltr'><strong>nam</strong></span> <span class='ocrx_word' id='word_1_290' title='bbox 1618 3139 1708 3194; x_wconf 65' lang='lat' dir='ltr'><strong>ui.-</strong></span> <span class='ocrx_word' id='word_1_291' title='bbox 1753 3132 1885 3188; x_wconf 83' lang='lat' dir='ltr'><strong>illud</strong></span> <span class='ocrx_word' id='word_1_292' title='bbox 1931 3140 1991 3188; x_wconf 75' lang='lat' dir='ltr'><strong>u!</strong></span> <span class='ocrx_word' id='word_1_293' title='bbox 2037 3149 2157 3187; x_wconf 85' lang='lat' dir='ltr'><strong>cum</strong></span> <span class='ocrx_word' id='word_1_294' title='bbox 2208 3141 2440 3205; x_wconf 89' lang='lat' dir='ltr'><strong>utroque</strong></span> <span class='ocrx_word' id='word_1_295' title='bbox 2471 3133 2625 3188; x_wconf 89' lang='lat' dir='ltr'><strong>Nonii</strong></span> <span class='ocrx_word' id='word_1_296' title='bbox 2720 3163 2742 3183; x_wconf 87' lang='lat'><strong>.</strong></span> 
     </span>
    </p>
   </div>
   <div class='ocr_carea' id='block_1_6' title="bbox 322 3216 2629 4477">
    <p class='ocr_par' dir='ltr' id='par_1_6' title="bbox 322 3216 2625 3461">
     <span class='ocr_line' id='line_1_32' title="bbox 322 3216 2625 3290; baseline -0.002 -14"><span class='ocrx_word' id='word_1_297' title='bbox 322 3221 449 3276; x_wconf 89' lang='lat' dir='ltr'><strong>loco</strong></span> <span class='ocrx_word' id='word_1_298' title='bbox 499 3226 767 3289; x_wconf 88' lang='lat' dir='ltr'><strong>recurrat,</strong></span> <span class='ocrx_word' id='word_1_299' title='bbox 817 3226 1089 3273; x_wconf 89' lang='lat' dir='ltr'><strong>statuetur</strong></span> <span class='ocrx_word' id='word_1_300' title='bbox 1133 3227 1225 3273; x_wconf 84' lang='lat' dir='ltr'><strong>aut</strong></span> <span class='ocrx_word' id='word_1_301' title='bbox 1271 3234 1335 3278; x_wconf 74' lang='lat' dir='ltr'><strong>ex</strong></span> <span class='ocrx_word' id='word_1_302' title='bbox 1381 3219 1576 3273; x_wconf 85' lang='lat' dir='ltr'><strong>vitioso</strong></span> <span class='ocrx_word' id='word_1_303' title='bbox 1623 3216 1811 3272; x_wconf 83' lang='lat' dir='ltr'><strong>Lucilii</strong></span> <span class='ocrx_word' id='word_1_304' title='bbox 1858 3217 2144 3290; x_wconf 85' lang='lat' dir='ltr'><strong>exemplari</strong></span> <span class='ocrx_word' id='word_1_305' title='bbox 2192 3216 2485 3272; x_wconf 75' lang='lat' dir='ltr'><strong>traductam</strong></span> <span class='ocrx_word' id='word_1_306' title='bbox 2535 3233 2625 3271; x_wconf 90' lang='lat' dir='ltr'><strong>vo-</strong></span> 
     </span>
     <span class='ocr_line' id='line_1_33' title="bbox 323 3300 2624 3376; baseline -0.001 -17"><span class='ocrx_word' id='word_1_307' title='bbox 323 3305 504 3360; x_wconf 87' lang='lat' dir='ltr'><strong>culam</strong></span> <span class='ocrx_word' id='word_1_308' title='bbox 554 3311 648 3357; x_wconf 87' lang='lat' dir='ltr'><strong>aut</strong></span> <span class='ocrx_word' id='word_1_309' title='bbox 694 3319 721 3357; x_wconf 92' lang='lat' dir='ltr'><strong>a</strong></span> <span class='ocrx_word' id='word_1_310' title='bbox 767 3305 1114 3376; x_wconf 83' lang='lat' dir='ltr'><strong>grammatico</strong></span> <span class='ocrx_word' id='word_1_311' title='bbox 1159 3318 1375 3357; x_wconf 87' lang='lat' dir='ltr'><strong>sensum</strong></span> <span class='ocrx_word' id='word_1_312' title='bbox 1433 3311 1626 3376; x_wconf 89' lang='lat' dir='ltr'><strong>poetae</strong></span> <span class='ocrx_word' id='word_1_313' title='bbox 1672 3318 1780 3356; x_wconf 90' lang='lat' dir='ltr'><strong>uon</strong></span> <span class='ocrx_word' id='word_1_314' title='bbox 1838 3303 1964 3356; x_wconf 82' lang='lat' dir='ltr'><strong>satis</strong></span> <span class='ocrx_word' id='word_1_315' title='bbox 2011 3301 2168 3374; x_wconf 86' lang='lat' dir='ltr'><strong>plene</strong></span> <span class='ocrx_word' id='word_1_316' title='bbox 2214 3300 2470 3371; x_wconf 82' lang='lat' dir='ltr'><strong>relatum,</strong></span> <span class='ocrx_word' id='word_1_317' title='bbox 2525 3303 2624 3356; x_wconf 85' lang='lat' dir='ltr'><strong>nisi</strong></span> 
     </span>
     <span class='ocr_line' id='line_1_34' title="bbox 326 3386 1561 3461; baseline -0.001 -18"><span class='ocrx_word' id='word_1_318' title='bbox 326 3390 432 3445; x_wconf 80' lang='lat' dir='ltr'><strong>fuit</strong></span> <span class='ocrx_word' id='word_1_319' title='bbox 479 3389 785 3461; x_wconf 87' lang='lat' dir='ltr'><strong>antiquitus</strong></span> <span class='ocrx_word' id='word_1_320' title='bbox 831 3390 912 3459; x_wconf 87' lang='lat' dir='ltr'><strong>ui,</strong></span> <span class='ocrx_word' id='word_1_321' title='bbox 957 3386 1281 3460; x_wconf 88' lang='lat' dir='ltr'><strong>adscriptum</strong></span> <span class='ocrx_word' id='word_1_322' title='bbox 1328 3386 1392 3441; x_wconf 91' lang='lat' dir='ltr'><strong>ad</strong></span> <span class='ocrx_word' id='word_1_323' title='bbox 1436 3403 1561 3460; x_wconf 80' lang='lat' dir='ltr'><strong>que.</strong></span> 
     </span>
    </p>

    <p class='ocr_par' dir='ltr' id='par_1_7' title="bbox 327 3469 2629 4138">
     <span class='ocr_line' id='line_1_35' title="bbox 505 3469 2623 3545; baseline -0.002 -16"><span class='ocrx_word' id='word_1_324' title='bbox 505 3473 564 3529; x_wconf 80' lang='lat'><strong>7.</strong></span> <span class='ocrx_word' id='word_1_325' title='bbox 638 3475 763 3544; x_wconf 83' lang='lat' dir='ltr'><strong>ipse</strong></span> <span class='ocrx_word' id='word_1_326' title='bbox 807 3479 1056 3545; x_wconf 86' lang='lat' dir='ltr'><strong>correpta</strong></span> <span class='ocrx_word' id='word_1_327' title='bbox 1113 3473 1294 3545; x_wconf 90' lang='lat' dir='ltr'><strong>priore</strong></span> <span class='ocrx_word' id='word_1_328' title='bbox 1351 3473 1596 3545; x_wconf 89' lang='lat' dir='ltr'><strong>potuisse</strong></span> <span class='ocrx_word' id='word_1_329' title='bbox 1644 3470 1893 3525; x_wconf 84' lang='lat' dir='ltr'><strong>adhihere</strong></span> <span class='ocrx_word' id='word_1_330' title='bbox 1940 3470 2231 3540; x_wconf 80' lang='lat' dir='ltr'><strong>Lucilium,</strong></span> <span class='ocrx_word' id='word_1_331' title='bbox 2290 3469 2434 3543; x_wconf 84' lang='lat' dir='ltr'><strong>quod</strong></span> <span class='ocrx_word' id='word_1_332' title='bbox 2496 3470 2623 3525; x_wconf 91' lang='lat' dir='ltr'><strong>olim</strong></span> 
     </span>
     <span class='ocr_line' id='line_1_36' title="bbox 327 3551 2624 3634; baseline -0.002 -22"><span class='ocrx_word' id='word_1_333' title='bbox 327 3555 411 3634; x_wconf 76' lang='lat' dir='ltr'><strong>[a.</strong></span> <span class='ocrx_word' id='word_1_334' title='bbox 464 3575 511 3612; x_wconf 92' lang='lat' dir='ltr'><strong>r.</strong></span> <span class='ocrx_word' id='word_1_335' title='bbox 565 3573 636 3611; x_wconf 88' lang='lat' dir='ltr'><strong>m.</strong></span> <span class='ocrx_word' id='word_1_336' title='bbox 684 3551 836 3632; x_wconf 79' lang='lat'>428]</span> <span class='ocrx_word' id='word_1_337' title='bbox 885 3558 939 3611; x_wconf 90' lang='lat' dir='ltr'><strong>in</strong></span> <span class='ocrx_word' id='word_1_338' title='bbox 984 3556 1161 3613; x_wconf 87' lang='lat' dir='ltr'><strong>medio</strong></span> <span class='ocrx_word' id='word_1_339' title='bbox 1207 3556 1559 3630; x_wconf 80' lang='lat' dir='ltr'><strong>reliqueram,</strong></span> <span class='ocrx_word' id='word_1_340' title='bbox 1613 3558 1713 3611; x_wconf 87' lang='lat' dir='ltr'><strong>iam</strong></span> <span class='ocrx_word' id='word_1_341' title='bbox 1760 3572 1918 3628; x_wconf 77' lang='lat' dir='ltr'><strong>nego,</strong></span> <span class='ocrx_word' id='word_1_342' title='bbox 2010 3552 2217 3610; x_wconf 81' lang='lat' dir='ltr'><strong>facilius</strong></span> <span class='ocrx_word' id='word_1_343' title='bbox 2274 3554 2513 3610; x_wconf 85' lang='lat' dir='ltr'><strong>concedo</strong></span> <span class='ocrx_word' id='word_1_344' title='bbox 2561 3557 2624 3609; x_wconf 78' lang='lat' dir='ltr'><strong>«te</strong></span> 
     </span>
     <span class='ocr_line' id='line_1_37' title="bbox 328 3638 2627 3717; baseline -0.001 -20"><span class='ocrx_word' id='word_1_345' title='bbox 328 3643 661 3717; x_wconf 85' lang='lat' dir='ltr'><strong>pronomine</strong></span> <span class='ocrx_word' id='word_1_346' title='bbox 706 3642 851 3716; x_wconf 80' lang='lat' dir='ltr'><strong>quod</strong></span> <span class='ocrx_word' id='word_1_347' title='bbox 898 3650 998 3695; x_wconf 79' lang='lat' dir='ltr'><strong>est-</strong></span> <span class='ocrx_word' id='word_1_348' title='bbox 1023 3642 1137 3709; x_wconf 84' lang='lat' dir='ltr'><strong>ille,</strong></span> <span class='ocrx_word' id='word_1_349' title='bbox 1188 3643 1309 3714; x_wconf 90' lang='lat' dir='ltr'><strong>quia</strong></span> <span class='ocrx_word' id='word_1_350' title='bbox 1355 3643 1483 3695; x_wconf 87' lang='lat' dir='ltr'><strong>satis</strong></span> <span class='ocrx_word' id='word_1_351' title='bbox 1529 3649 1739 3696; x_wconf 90' lang='lat' dir='ltr'><strong>constat</strong></span> <span class='ocrx_word' id='word_1_352' title='bbox 1788 3638 2122 3713; x_wconf 81' lang='lat' dir='ltr'><strong>temporibus</strong></span> <span class='ocrx_word' id='word_1_353' title='bbox 2170 3639 2487 3695; x_wconf 83' lang='lat' dir='ltr'><strong>Gracchanis</strong></span> <span class='ocrx_word' id='word_1_354' title='bbox 2534 3657 2627 3713; x_wconf 81' lang='lat' dir='ltr'><strong>ge·</strong></span> 
     </span>
     <span class='ocr_line' id='line_1_38' title="bbox 330 3723 2629 3799; baseline -0.001 -16"><span class='ocrx_word' id='word_1_355' title='bbox 330 3732 656 3791; x_wconf 70' lang='lat' dir='ltr'><strong>initiatarum</strong></span> <span class='ocrx_word' id='word_1_356' title='bbox 701 3741 1059 3782; x_wconf 87' lang='lat' dir='ltr'><strong>consonarum</strong></span> <span class='ocrx_word' id='word_1_357' title='bbox 1106 3726 1281 3799; x_wconf 85' lang='lat' dir='ltr'><strong>legem</strong></span> <span class='ocrx_word' id='word_1_358' title='bbox 1313 3725 1550 3782; x_wconf 87' lang='lat' dir='ltr'><strong>nondum</strong></span> <span class='ocrx_word' id='word_1_359' title='bbox 1583 3724 1784 3797; x_wconf 83' lang='lat' dir='ltr'><strong>ubique</strong></span> <span class='ocrx_word' id='word_1_360' title='bbox 1815 3727 1944 3779; x_wconf 88' lang='lat' dir='ltr'><strong>satis</strong></span> <span class='ocrx_word' id='word_1_361' title='bbox 1977 3723 2143 3779; x_wconf 79' lang='lat' dir='ltr'><strong>fuisse</strong></span> <span class='ocrx_word' id='word_1_362' title='bbox 2176 3723 2396 3779; x_wconf 77' lang='lat' dir='ltr'><strong>firmam.</strong></span> <span class='ocrx_word' id='word_1_363' title='bbox 2459 3726 2629 3799; x_wconf 86' lang='lat' dir='ltr'><strong>igitur</strong></span> 
     </span>
     <span class='ocr_line' id='line_1_39' title="bbox 328 3809 2626 3884; baseline -0.001 -17"><span class='ocrx_word' id='word_1_364' title='bbox 328 3810 684 3868; x_wconf 79' lang='lat' dir='ltr'><strong>scribendum</strong></span> <span class='ocrx_word' id='word_1_365' title='bbox 742 3819 876 3884; x_wconf 88' lang='lat' dir='ltr'><strong>puto</strong></span> <span class='ocrx_word' id='word_1_366' title='bbox 934 3812 1045 3865; x_wconf 87' lang='lat' dir='ltr'><strong>sive</strong></span> <span class='ocrx_word' id='word_1_367' title='bbox 1090 3814 1171 3881; x_wconf 89' lang='lat' dir='ltr'><strong>is,</strong></span> <span class='ocrx_word' id='word_1_368' title='bbox 1231 3819 1288 3864; x_wconf 92' lang='lat' dir='ltr'><strong>ut</strong></span> <span class='ocrx_word' id='word_1_369' title='bbox 1329 3827 1402 3880; x_wconf 78' lang='lat' dir='ltr'><strong>pe</strong></span> <span class='ocrx_word' id='word_1_370' title='bbox 1458 3827 1520 3866; x_wconf 79' lang='lat' dir='ltr'><strong>ex</strong></span> <span class='ocrx_word' id='word_1_371' title='bbox 1577 3811 1821 3882; x_wconf 82' lang='lat' dir='ltr'><strong>proximo</strong></span> <span class='ocrx_word' id='word_1_372' title='bbox 1876 3826 1987 3879; x_wconf 81' lang='lat' dir='ltr'><strong>pro</strong></span> <span class='ocrx_word' id='word_1_373' title='bbox 2043 3809 2124 3863; x_wconf 87' lang='lat' dir='ltr'><strong>vel</strong></span> <span class='ocrx_word' id='word_1_374' title='bbox 2178 3824 2289 3881; x_wconf 81' lang='lat' dir='ltr'><strong>per</strong></span> <span class='ocrx_word' id='word_1_375' title='bbox 2344 3811 2626 3884; x_wconf 89' lang='lat' dir='ltr'><strong>irrepsisse</strong></span> 
     </span>
     <span class='ocr_line' id='line_1_40' title="bbox 329 3894 2626 3968; baseline -0.003 -15"><span class='ocrx_word' id='word_1_376' title='bbox 329 3897 608 3967; x_wconf 80' lang='lat' dir='ltr'><strong>videatur,</strong></span> <span class='ocrx_word' id='word_1_377' title='bbox 652 3896 785 3966; x_wconf 84' lang='lat' dir='ltr'><strong>sive,</strong></span> <span class='ocrx_word' id='word_1_378' title='bbox 831 3894 977 3968; x_wconf 80' lang='lat' dir='ltr'><strong>quod</strong></span> <span class='ocrx_word' id='word_1_379' title='bbox 1023 3904 1076 3949; x_wconf 88' lang='lat' dir='ltr'><strong>et</strong></span> <span class='ocrx_word' id='word_1_380' title='bbox 1122 3897 1318 3967; x_wconf 76' lang='lat' dir='ltr'><strong>ipsum,</strong></span> <span class='ocrx_word' id='word_1_381' title='bbox 1363 3895 1408 3950; x_wconf 91' lang='lat' dir='ltr'><strong>si</strong></span> <span class='ocrx_word' id='word_1_382' title='bbox 1440 3894 1598 3949; x_wconf 88' lang='lat' dir='ltr'><strong>altius</strong></span> <span class='ocrx_word' id='word_1_383' title='bbox 1630 3895 1992 3965; x_wconf 78' lang='lat' dir='ltr'><strong>introspiciaS,</strong></span> <span class='ocrx_word' id='word_1_384' title='bbox 2039 3911 2209 3968; x_wconf 86' lang='lat' dir='ltr'><strong>prope</strong></span> <span class='ocrx_word' id='word_1_385' title='bbox 2240 3894 2401 3948; x_wconf 88' lang='lat' dir='ltr'><strong>distat</strong></span> <span class='ocrx_word' id='word_1_386' title='bbox 2445 3912 2473 3948; x_wconf 90' lang='lat' dir='ltr'><strong>a</strong></span> <span class='ocrx_word' id='word_1_387' title='bbox 2519 3902 2626 3948; x_wconf 88' lang='lat' dir='ltr'><strong>tra-</strong></span> 
     </span>
     <span class='ocr_line' id='line_1_41' title="bbox 328 3977 2624 4052; baseline -0.002 -15"><span class='ocrx_word' id='word_1_388' title='bbox 328 3982 468 4052; x_wconf 85' lang='lat' dir='ltr'><strong>dito,</strong></span> <span class='ocrx_word' id='word_1_389' title='bbox 520 3996 637 4036; x_wconf 81' lang='lat' dir='ltr'><strong>res.</strong></span> <span class='ocrx_word' id='word_1_390' title='bbox 685 4010 767 4019; x_wconf 89' lang='lat'><em>-</em></span> <span class='ocrx_word' id='word_1_391' title='bbox 813 3988 1056 4035; x_wconf 87' lang='lat' dir='ltr'><strong>ceterum</strong></span> <span class='ocrx_word' id='word_1_392' title='bbox 1087 3982 1354 4035; x_wconf 87' lang='lat' dir='ltr'><strong>sententia</strong></span> <span class='ocrx_word' id='word_1_393' title='bbox 1387 3977 1738 4049; x_wconf 77' lang='lat' dir='ltr'><strong>subobscura,</strong></span> <span class='ocrx_word' id='word_1_394' title='bbox 1779 3986 1834 4033; x_wconf 87' lang='lat' dir='ltr'><strong>nt</strong></span> <span class='ocrx_word' id='word_1_395' title='bbox 1870 3987 2043 4032; x_wconf 80' lang='lat' dir='ltr'><strong>tamen</strong></span> <span class='ocrx_word' id='word_1_396' title='bbox 2076 3979 2525 4052; x_wconf 89' lang='lat' dir='ltr'><strong>philosophorum</strong></span> <span class='ocrx_word' id='word_1_397' title='bbox 2559 3978 2624 4032; x_wconf 69' lang='lat' dir='ltr'><strong>tle</strong></span> 
     </span>
     <span class='ocr_line' id='line_1_42' title="bbox 332 4064 1642 4138; baseline -0.005 -14"><span class='ocrx_word' id='word_1_398' title='bbox 332 4082 552 4124; x_wconf 87' lang='lat' dir='ltr'><strong>summo</strong></span> <span class='ocrx_word' id='word_1_399' title='bbox 600 4064 741 4121; x_wconf 83' lang='lat' dir='ltr'><strong>bono</strong></span> <span class='ocrx_word' id='word_1_400' title='bbox 790 4066 1127 4138; x_wconf 84' lang='lat' dir='ltr'><strong>opinationes</strong></span> <span class='ocrx_word' id='word_1_401' title='bbox 1179 4066 1328 4137; x_wconf 84' lang='lat' dir='ltr'><strong>tangi</strong></span> <span class='ocrx_word' id='word_1_402' title='bbox 1372 4071 1642 4137; x_wconf 86' lang='lat' dir='ltr'><strong>appareat.</strong></span> 
     </span>
    </p>

    <p class='ocr_par' dir='ltr' id='par_1_8' title="bbox 332 4147 2626 4477">
     <span class='ocr_line' id='line_1_43' title="bbox 508 4147 2626 4220; baseline -0.002 -13"><span class='ocrx_word' id='word_1_403' title='bbox 508 4151 567 4207; x_wconf 82' lang='lat'><strong>9.</strong></span> <span class='ocrx_word' id='word_1_404' title='bbox 641 4157 799 4206; x_wconf 80' lang='lat' dir='ltr'><strong>recle</strong></span> <span class='ocrx_word' id='word_1_405' title='bbox 844 4150 951 4205; x_wconf 80' lang='lat' dir='ltr'><strong>hoe</strong></span> <span class='ocrx_word' id='word_1_406' title='bbox 996 4153 1125 4204; x_wconf 84' lang='lat' dir='ltr'><strong>vilio</strong></span> <span class='ocrx_word' id='word_1_407' title='bbox 1168 4150 1270 4204; x_wconf 84' lang='lat' dir='ltr'><strong>dat</strong></span> <span class='ocrx_word' id='word_1_408' title='bbox 1313 4149 1568 4204; x_wconf 84' lang='lat' dir='ltr'><strong>Lucilius</strong></span> <span class='ocrx_word' id='word_1_409' title='bbox 1599 4147 1919 4220; x_wconf 78' lang='lat' dir='ltr'><strong>Euripidae</strong></span> <span class='ocrx_word' id='word_1_410' title='bbox 1950 4164 1998 4202; x_wconf 90' lang='lat' dir='ltr'><strong>e.</strong></span> <span class='ocrx_word' id='word_1_411' title='bbox 2034 4166 2085 4220; x_wconf 79' lang='lat' dir='ltr'><strong>q.</strong></span> <span class='ocrx_word' id='word_1_412' title='bbox 2120 4165 2197 4210; x_wconf 82' lang='lat' dir='ltr'><strong>s.;</strong></span> <span class='ocrx_word' id='word_1_413' title='bbox 2243 4164 2370 4200; x_wconf 88' lang='lat' dir='ltr'><strong>sane</strong></span> <span class='ocrx_word' id='word_1_414' title='bbox 2414 4154 2626 4201; x_wconf 84' lang='lat' dir='ltr'><strong>constat</strong></span> 
     </span>
     <span class='ocr_line' id='line_1_44' title="bbox 332 4229 2625 4308; baseline -0.003 -15"><span class='ocrx_word' id='word_1_415' title='bbox 332 4236 488 4293; x_wconf 87' lang='lat' dir='ltr'><strong>illum</strong></span> <span class='ocrx_word' id='word_1_416' title='bbox 523 4237 576 4290; x_wconf 88' lang='lat' dir='ltr'><strong>in</strong></span> <span class='ocrx_word' id='word_1_417' title='bbox 610 4232 941 4308; x_wconf 78' lang='lat' dir='ltr'><strong>exagitandis</strong></span> <span class='ocrx_word' id='word_1_418' title='bbox 983 4233 1159 4307; x_wconf 88' lang='lat' dir='ltr'><strong>poetis</strong></span> <span class='ocrx_word' id='word_1_419' title='bbox 1193 4232 1482 4306; x_wconf 85' lang='lat' dir='ltr'><strong>aliquando</strong></span> <span class='ocrx_word' id='word_1_420' title='bbox 1513 4231 1803 4288; x_wconf 81' lang='lat' dir='ltr'><strong>indulsisse</strong></span> <span class='ocrx_word' id='word_1_421' title='bbox 1846 4235 2103 4306; x_wconf 82' lang='lat' dir='ltr'><strong>argutiis3</strong></span> <span class='ocrx_word' id='word_1_422' title='bbox 2149 4230 2314 4285; x_wconf 91' lang='lat' dir='ltr'><strong>veluti</strong></span> <span class='ocrx_word' id='word_1_423' title='bbox 2345 4247 2465 4285; x_wconf 85' lang='lat' dir='ltr'><strong>cum</strong></span> <span class='ocrx_word' id='word_1_424' title='bbox 2496 4229 2625 4285; x_wconf 81' lang='lat' dir='ltr'><strong>dicit</strong></span> 
     </span>
     <span class='ocr_line' id='line_1_45' title="bbox 334 4316 2621 4395; baseline -0.003 -19"><span class='ocrx_word' id='word_1_425' title='bbox 334 4338 435 4395; x_wconf 91' lang='lat' dir='ltr'><strong>pro</strong></span> <span class='ocrx_word' id='word_1_426' title='bbox 484 4319 724 4375; x_wconf 87' lang='lat' dir='ltr'><strong>Enniano</strong></span> <span class='ocrx_word' id='word_1_427' title='bbox 768 4319 862 4375; x_wconf 89' lang='lat' dir='ltr'><strong>illo</strong></span> <span class='ocrx_word' id='word_1_428' title='bbox 908 4319 1168 4389; x_wconf 82' lang='lat' dir='ltr'><strong>splendet</strong></span> <span class='ocrx_word' id='word_1_429' title='bbox 1214 4325 1267 4373; x_wconf 80' lang='lat' dir='ltr'><strong>et</strong></span> <span class='ocrx_word' id='word_1_430' title='bbox 1296 4319 1497 4374; x_wconf 78' lang='lat' dir='ltr'><strong>horret</strong></span> <span class='ocrx_word' id='word_1_431' title='bbox 1540 4318 1911 4392; x_wconf 86' lang='lat' dir='ltr'><strong>reponendum</strong></span> <span class='ocrx_word' id='word_1_432' title='bbox 1944 4316 2110 4371; x_wconf 79' lang='lat' dir='ltr'><strong>fuisse</strong></span> <span class='ocrx_word' id='word_1_433' title='bbox 2139 4316 2338 4370; x_wconf 81' lang='lat' dir='ltr'><strong>horre!</strong></span> <span class='ocrx_word' id='word_1_434' title='bbox 2368 4322 2422 4370; x_wconf 81' lang='lat' dir='ltr'><strong>et</strong></span> <span class='ocrx_word' id='word_1_435' title='bbox 2454 4317 2621 4387; x_wconf 78' lang='lat' dir='ltr'><strong>alyet.</strong></span> 
     </span>
     <span class='ocr_line' id='line_1_46' title="bbox 339 4395 2618 4477; baseline -0.001 -18"><span class='ocrx_word' id='word_1_436' title='bbox 339 4437 413 4447; x_wconf 91' lang='lat'>-</span> <span class='ocrx_word' id='word_1_437' title='bbox 443 4421 638 4461; x_wconf 82' lang='lat' dir='ltr'><strong>versus</strong></span> <span class='ocrx_word' id='word_1_438' title='bbox 670 4402 792 4459; x_wconf 87' lang='lat' dir='ltr'><strong>Eur.</strong></span> <span class='ocrx_word' id='word_1_439' title='bbox 827 4419 892 4458; x_wconf 79' lang='lat' dir='ltr'><strong>ex</strong></span> <span class='ocrx_word' id='word_1_440' title='bbox 922 4403 1260 4476; x_wconf 83' lang='lat' dir='ltr'><strong>Cresphonte</strong></span> <span class='ocrx_word' id='word_1_441' title='bbox 1293 4402 1566 4477; x_wconf 81' lang='lat' dir='ltr'><strong>tragoedia</strong></span> <span class='ocrx_word' id='word_1_442' title='bbox 1601 4410 1730 4457; x_wconf 88' lang='lat' dir='ltr'><strong>sunt</strong></span> <span class='ocrx_word' id='word_1_443' title='bbox 1761 4403 1943 4474; x_wconf 85' lang='lat' dir='ltr'><strong>petiti;</strong></span> <span class='ocrx_word' id='word_1_444' title='bbox 1978 4395 2137 4473; x_wconf 72' lang='lat' dir='ltr'><strong>srgm.</strong></span> <span class='ocrx_word' id='word_1_445' title='bbox 2165 4397 2287 4455; x_wconf 85' lang='lat'><strong>459</strong></span> <span class='ocrx_word' id='word_1_446' title='bbox 2311 4399 2395 4454; x_wconf 72' lang='lat' dir='ltr'><strong>ecl.</strong></span> <span class='ocrx_word' id='word_1_447' title='bbox 2424 4399 2618 4457; x_wconf 83' lang='lat' dir='ltr'><strong>Nauck.</strong></span> 
     </span>
    </p>
   </div>
   <div class='ocr_carea' id='block_1_7' title="bbox 2094 4497 2198 4552">
    <p class='ocr_par' dir='ltr' id='par_1_9' title="bbox 2094 4497 2198 4552">
     <span class='ocr_line' id='line_1_47' title="bbox 2094 4497 2198 4552; baseline 0 0"><span class='ocrx_word' id='word_1_448' title='bbox 2094 4497 2198 4552; x_wconf 73' lang='lat'><strong>17*</strong></span> 
     </span>
    </p>
   </div>
  </div>
 </body>
</html>
