3267 5075
666 392 796 455 258
1402 392 1620 446 LIBER
1657 393 1906 449 XXVIII.
1947 393 2221 449 XXVIIII.

836 560 936 617 33.
1011 564 1181 617 misse
1197 585 1212 623 ‚·
1268 560 1516 633 quidnam
1565 562 1776 617 misisse
1823 569 2052 634 tyranno
2098 561 2353 635 Dionysio
2397 560 2606 617 dicatur
2645 562 2881 635 Aristippus

666 661 773 700 nou
818 646 920 699 iam
968 644 1094 700 licet
1138 643 1380 711 ‹letiniri3
1428 644 1618 700 librum
1665 654 1818 718 putat
1863 645 2031 700 fuisse
2075 644 2440 702 Franckenius
2469 645 2534 717 lt,
2568 645 2658 718 23,
2696 648 2771 720 qui
2804 662 2883 700 ma·

665 728 780 784 vult
809 727 969 784 scribi
1000 732 1288 802 quiddam.
1320 760 1404 769 ——
1434 732 1572 801 quid
1599 737 1734 786 ante
1766 737 2048 802 tyrannm
2090 730 2305 786 videtur
2334 730 2505 786 fuisse
2534 732 2764 805 scriptum
2787 731 2886 784 anti·

666 815 850 887 quitus
896 822 1194 884 maranno,
1240 823 1295 869 et
1341 815 1465 869 hinc
1510 821 1664 870 ortus
1711 830 1881 871 error.
2830 834 2834 843 ·

836 898 935 956 36.
1025 901 1127 955 hoo
1183 899 1344 972 l’rgm.
1401 908 1628 972 propter
1682 900 1950 972 potiorem
2004 898 2126 955 cdd.
2197 906 2337 955 auct.
2397 902 2572 955 tutius
2622 898 2890 955 adscribetur

665 984 703 1039 l.
751 983 948 1039 xxvtt.

838 1068 937 1127 38.
1013 1072 1218 1138 iactat,
1265 1068 1405 1123 idem
1453 1067 1597 1141 quod
1643 1072 1800 1124 iacit.
1847 1099 1932 1108 -—-
1977 1072 2119 1141 alia,
2165 1070 2375 1125 aliena.

836 1153 934 1209 39.
1012 1152 1148 1208 Geli.
1185 1153 1313 1233 ΧΙΙΙ,
1345 1153 1447 1224 30,
1482 1153 1515 1209 7
1563 1157 1795 1209 memini
1835 1152 2285 1227 Qaeeadriyarium
2316 1158 2374 1209 in
2406 1155 2566 1210 XIX
2598 1154 2781 1227 faciem
2810 1171 2893 1223 pro

665 1246 892 1294 statura
942 1241 1226 1310 totiusque
1272 1241 1536 1308 corporis
1577 1239 1773 1311 fiyura
1819 1240 2069 1301 dixisse‚·
2115 1247 2354 1294 ceterum
2403 1247 2585 1294 totum
2625 1246 2763 1311 caput
2798 1254 2896 1292 con·

664 1321 963 1381 serendum.
1050 1324 1121 1377 ita
1168 1324 1284 1394 ipse
1328 1321 1563 1377 Lucilius
1612 1321 1702 1376 ubi
1746 1339 1866 1377 cum
1913 1331 2087 1378 aetate
2133 1322 2321 1378 faciem
2364 1325 2565 1397 iungit,
2609 1324 2802 1378 formam
2838 1321 2898 1376 in·

665 1406 894 1479 tellegit.
940 1437 1024 1447 --
1070 1407 1212 1462 hunc
1258 1425 1303 1460 v.
1354 1407 1558 1479 primus
1603 1414 1658 1461 et
1702 1408 2179 1463 constituit-recte
2224 1416 2280 1462 et
2323 1408 2608 1482 explicavit
2636 1405 2898 1462 Ritscbelius

664 1491 730 1545 de
778 1490 925 1546 ficut.
975 1491 1226 1547 litteratis
1275 1490 1371 1545 11.
1421 1520 1502 1530 -
1548 1492 1745 1546 etenim
1791 1492 1845 1545 in
1893 1490 2040 1546 libris
2087 1491 2150 1545 ab
2197 1507 2263 1546 eo
2310 1492 2458 1564 quod
2505 1501 2588 1547 est
2629 1498 2790 1548 statas
2825 1506 2899 1545 no-

666 1593 786 1630 vum
835 1576 1024 1631 lemma
1068 1575 1370 1643 incohatur,
1420 1584 1606 1631 contra
1641 1591 1794 1630 usum
1827 1575 2007 1648 Nonii,
2053 1577 2145 1648 qui
2176 1576 2541 1632 diversitatem
2572 1592 2803 1650 generum
2839 1576 2899 1628 in·

663 1661 837 1716 dicare
882 1660 1025 1716 solet
1069 1660 1183 1716 fere
1229 1668 1288 1714 ut
1333 1668 1488 1733 puta:
1547 1661 1820 1716 tributum
1865 1668 2102 1731 neutra,
2159 1665 2482 1717 masculino
2529 1662 2692 1731 Cato,
2740 1661 2903 1715 omisso

663 1748 933 1816 tribulati,
982 1755 1042 1800 ut
1086 1745 1257 1800 aliena
1301 1743 1563 1817 exempla,
1612 1762 1748 1817 quae
1792 1752 1921 1800 sunt
1964 1747 2313 1819 paucissima,
2362 1747 2546 1819 potius
2591 1747 2737 1802 illatis
2777 1743 2906 1798 libra·

664 1833 865 1885 riorum
922 1830 1077 1904 culpa
1138 1831 1281 1885 notis
1336 1828 1718 1901 marginalibus
1762 1831 2076 1902 provenisse
2136 1831 2457 1890 existimem.
2524 1861 2584 1869 —-
2652 1830 2905 1885 irrisionem

664 1916 806 1969 Accii
852 1916 1117 1970 contineri
1162 1913 1339 1968 verbis
1395 1914 1510 1968 istis
1557 1915 1768 1969 monuit
1815 1914 2137 1970 Ritschelius
2186 1915 2220 1969 l.
2270 1931 2338 1968 m.
2385 1922 2440 1969 et
2488 1914 2727 1970 Hertzius
2772 1909 2908 1967 libelli

663 1999 730 2053 de
776 1998 948 2054 Plauti
991 2007 1185 2072 poetae
1231 1997 1532 2053 nominibus
1581 2016 1633 2070 p.
1682 1997 1783 2055 23.
1872 2007 2113 2053 ceterum
2159 2016 2289 2053 usus
2347 1999 2508 2054 huius
2557 1998 2750 2055 Acciani
2789 2002 2910 2051 extat

664 2083 932 2155 hodieque
987 2082 1327 2155 exemplum,
1385 2083 1429 2138 si
1492 2091 1639 2138 recte
1693 2084 2026 2155 interpretor
2080 2081 2420 2138 librariorum
2480 2083 2635 2139 Nonii
2688 2096 2909 2149 errorem,

667 2167 786 2222 116
833 2184 874 2222 s.
921 2185 973 2223 v.
1020 2166 1373 2241 gracilitudo:

916 2303 1095 2350 tamen
1140 2304 1195 2350 et
1238 2296 1396 2350 statei
1443 2294 1766 2369 gracilitudo
1814 2296 2206 2369 propemodum
2253 2305 2307 2352 et
2349 2297 2532 2353 luctus
2580 2298 2698 2354 facit

916 2397 985 2435 ne
1029 2378 1289 2436 dubitem.

668 2518 754 2575 ubi
800 2520 973 2574 minus
1019 2515 1154 2574 bene
1199 2517 1414 2573 codices
1460 2523 1691 2574 statuae
1736 2524 1820 2590 et,
1869 2517 2013 2576 docti
2062 2525 2342 2576 staturae.
2398 2551 2484 2561 —
2540 2537 2723 2595 nempe
2771 2518 2916 2574 fuerat

664 2657 962 2728 antiquitus
1008 2624 1214 2711 statem.
1259 2684 1343 2693 —
1388 2653 1454 2708 de
1486 2653 1791 2710 discrimine
1824 2655 1968 2727 quod
2014 2656 2300 2711 intercedit
2343 2659 2489 2712 inter
2517 2666 2716 2712 statum
2757 2663 2804 2710 et
2831 2662 2917 2708 sta-

667 2750 837 2796 turam
885 2741 1094 2813 quaerit
1127 2740 1284 2795 etiam
1317 2738 1552 2793 Donatus
1585 2739 1649 2793 ad
1681 2738 1817 2795 Eun.
1852 2740 1935 2811 tlt,
1968 2739 2027 2810 5,
2060 2740 2159 2797 50.
2208 2771 2291 2779 —-
2336 2748 2548 2797 statum
2580 2742 2738 2815 longa
2766 2742 2918 2814 priore

664 2833 723 2879 ut
769 2824 909 2899 apud
956 2823 1188 2880 eundem
1235 2825 1451 2878 Accium
1494 2828 1722 2885 statim,-
1766 2824 1835 2878 cf.
1884 2825 2087 2879 Ritscb.
2136 2825 2168 2879 Ι.
2216 2842 2287 2881 m.
2336 2843 2430 2899 pg.
2484 2827 2564 2882 10
2595 2844 2712 2900 sqq.

833 2909 934 2965 40.
1010 2924 1258 2980 corpore
1302 2907 1529 2963 dativus,

831 2994 933 3048 41.
1009 2993 1288 3048 Maoeimu’
1338 2993 1600 3064 ρωπίας,
1646 2995 1882 3048 inversio
1929 2995 2206 3049 nominum
2251 2995 2350 3050 iam
2397 2997 2614 3069 saepius
2659 2995 2804 3051 uobis
2844 2992 2922 3048 ob-

662 3086 887 3138 servata,
980 3079 1100 3150 quis
1145 3087 1323 3133 autem
1366 3076 1706 3149 significetur
1751 3094 1859 3133 non
1903 3080 2033 3133 satis
2079 3086 2325 3146 constat;
2383 3097 2507 3135 nam
2569 3080 2715 3154 quod
2755 3079 2925 3133 dicitur

663 3163 905 3219 Ciceroni
952 3162 1013 3230 Q.
1070 3161 1263 3218 Fabius
1308 3161 1563 3216 Maximus
1610 3160 1942 3235 Allobrogici
2001 3160 2146 3218 filius
2191 3165 2352 3219 homo
2399 3164 2754 3237 deterrimuS‚
2805 3164 2926 3218 huuc

663 3266 729 3304 ne
776 3256 980 3304 statuas
1029 3247 1210 3319 tangi,
1274 3248 1413 3301 ratio
1478 3253 1780 3320 temporum
1827 3247 2041 3302 videtur
2085 3247 2319 3303 obstare.
2368 3279 2448 3288 -—
2505 3268 2622 3322 qua
2670 3244 2925 3306 varicosu’

664 3339 876 3395 vatax;
929 3334 981 3388 id
1026 3331 1172 3405 quod
1218 3338 1301 3386 est
1345 3338 1528 3386 vataa:
1572 3331 1733 3385 etiam
1776 3333 1832 3386 in
1877 3332 2054 3387 verbis
2100 3332 2256 3387 Nonii
2316 3334 2688 3406 reponendum
2733 3338 2929 3407 apparet

663 3435 728 3473 ex
771 3403 949 3473 verbis
978 3416 1196 3486 Lucilii3
1242 3433 1361 3470 nam
1407 3416 1510 3470 nisi
1553 3415 1685 3471 illud
1731 3416 2048 3471 vocabulum
2094 3417 2392 3489 antiquitus
2438 3417 2634 3474 suisset
2680 3418 2929 3486 traditum,

665 3516 776 3558 non
830 3503 1170 3576 provenisset
1224 3517 1321 3574 per
1376 3500 1793 3573 dittographiam
1849 3518 2062 3558 vacam.
2155 3510 2374 3558 vatraoe
2431 3502 2750 3559 vocabulum
2793 3517 2931 3576 quam

662 3587 885 3644 ridicule
930 3588 1272 3658 interpretati
1316 3586 1422 3639 sint
1454 3585 1610 3640 medii
1657 3587 1768 3639 aevi
1816 3587 2082 3658 monachi,
2130 3586 2310 3641 videre
2341 3593 2427 3641 est
2458 3587 2512 3641 in
2544 3587 2684 3643 Non.
2720 3588 2800 3644 ed.
2831 3588 2931 3642 Bas.

662 3672 822 3724 etiam
870 3670 960 3725 hic
1004 3670 1233 3741 aliquem
1268 3669 1524 3725 nobilium
1559 3671 1853 3744 perstringi
1897 3679 2146 3743 apparet3
2193 3670 2288 3725 sed
2333 3673 2453 3744 quis
2500 3670 2666 3727 suerit
2711 3690 2778 3728 ne
2818 3673 2935 3728 scia·

664 3771 781 3808 mus
830 3753 1013 3808 obstat
1059 3762 1253 3826 stupor
1296 3754 1471 3809 Nonii.
1560 3762 1798 3809 ceterum
1846 3756 1915 3810 ita
1959 3755 1999 3810 l.
2047 3755 2085 3810 ΙΙ
2134 3764 2319 3812 catam
2364 3755 2619 3813 Manius,

832 3837 931 3892 42.
1010 3837 1240 3892 fortasse
1283 3838 1350 3893 de
1397 3838 1647 3912 Scipione
1693 3839 1775 3893 vel
1819 3837 2000 3894 Laelio
2047 3839 2176 3896 baec
2221 3840 2380 3896 dicta.

832 3923 932 3979 43.
1009 3929 1060 3977 sc
1090 3939 1189 3994 pro
1220 3925 1324 3978 sed
1352 3922 1409 3994 Ι),
1443 3923 1535 3978 sed
1568 3923 1715 3979 cons.
1746 3923 1798 3979 d.
1833 3942 1877 3980 r.
1912 3941 1981 3979 m.
2016 3922 2160 3980 450.
2203 3957 2286 3966 -
2326 3928 2590 3998 finqz'tar,
2624 3930 2937 3984 simulatur.

832 4006 932 4063 44.
1002 4006 1270 4061 simillime
1300 4006 1432 4061 dixit
1461 4006 1586 4062 Rut.
1620 4008 1825 4063 Namut.
1860 4009 1900 4080 l,
1923 4009 2066 4080 609,
2098 4009 2176 4065 10
2205 4010 2529 4083 HarpyiaS,
2564 4029 2811 4083 quarum
2840 4013 2937 4068 dis·

663 4092 1253 4166 cerpitur‘unyuibus
1298 4093 1482 4162 ονῦἱε,
1538 4110 1689 4164 quae
1724 4096 1878 4164 pede
1918 4097 2170 4166 ylutz'neo
2215 4097 2369 4167 quod
2410 4098 2646 4166 teciqere
2693 4098 2937 4153 trahunt.

832 4178 933 4235 46.
995 4176 1250 4248 faenera
1296 4193 1395 4249 pro
1436 4175 1715 4247 faenora.
1760 4208 1841 4217 —
1881 4178 2160 4250 saeuam,
2208 4182 2546 4250 capitulien.

831 4296 1083 4368 XXVllll,
1126 4297 1182 4352 2.
1258 4301 1340 4352 sic
1384 4299 1417 4352 i.
1466 4313 1514 4352 e.
1576 4299 1821 4354 diversis
1876 4317 2048 4371 quam
2102 4316 2252 4371 quae
2307 4317 2463 4356 nunc
2508 4304 2766 4371 optineat
2820 4302 2942 4357 belli

664 4384 903 4439 arcibus,
972 4413 1053 4420 —
1116 4385 1233 4436 lum
1301 4382 1370 4435 ob
1426 4382 1689 4436 rationem
1756 4385 2007 4437 musicam
2074 4400 2172 4456 pro
2229 4386 2404 4441 illum.
2472 4415 2554 4424 —
2622 4394 2938 4458 acceptum,

707 4913 1425 5037 μ
