3267 5075
648 406 885 463 INDEX
921 404 1177 459 RERUM
1215 402 1687 456 NOTABILIUM
1725 372 1803 456 IN
1841 399 2411 456 COMMENTARIIS.
2550 398 2677 483 367

9 537 10 596 l
380 569 574 619 breves
610 566 802 621 finales
839 582 949 634 seq.
984 566 1194 617 duabus
1241 566 1501 615 consonis
1553 564 1710 615 deum
1745 563 2032 630 ιῐιοιιοεγΙΙ.
2068 565 2185 614 262.

446 652 557 686 non
592 636 884 707 productae
918 651 952 685 a
986 635 1121 684 Luc.
1157 636 1272 684 222.

379 704 616 759 broncus
652 707 769 755 203.

376 855 405 888 c
440 855 538 905 pro
573 855 612 907 g
645 842 773 904 2153
808 828 934 921 ²⁵93
971 839 1099 899 254;
1136 835 1346 954 286701.
1385 841 1389 852 ·

373 906 648 1030 833333
677 906 1258 1040 ἓξμξῦωέἓῗιὲἓ
1281 944 1292 955 ·

376 1043 540 1096 caedo
576 1044 703 1107 218,
740 1046 856 1094 270.

374 1108 612 1174 Caelius,
613 1082 791 1161 *latro
824 1109 914 1160 vel
950 1108 1103 1175 pugil
1137 1112 1255 1161 272.

314 1203 338 1223 .
376 1191 605 1232 caenum
640 1181 757 1230 223.

375 1245 646 1298 calantica
680 1248 807 1309 250,
842 1248 957 1297 251.

373 1312 684 1365 canalicula
719 1317 834 1366 280.

372 1381 690 1433 cantharius
725 1384 845 1435 205.

373 1449 567 1511 eapida
599 1452 716 1500 228.

377 1517 650 1580 capitatus
685 1519 804 1568 200.

376 1583 551 1633 Carbo
593 1587 712 1636 277.

375 1665 577 1714 carcer,
612 1652 771 1704 homo
809 1667 1023 1703 carcere
1061 1653 1259 1716 dignus
1296 1655 1411 1702 283.

306 1754 311 1760 .
372 1721 745 1784 catapeirates
780 1722 898 1773 205.

376 1786 515 1837 Cato
554 1803 655 1838 em.
691 1790 820 1853 238,
859 1789 976 1842 246.

374 1868 523 1918 cena,
563 1870 698 1906 ceno
735 1858 851 1907 223.

372 1926 655 1973 centonem
691 1937 850 1974 suere
891 1925 1006 1974 257.
1074 1941 1080 1946 ·

377 2004 595 2041 cercera
633 1993 748 2042 199.

347 2069 605 2110 ‘cernuus
641 2060 762 2110 206.

373 2125 649 2176 Chironea
683 2127 912 2178 volnera
947 2094 1062 2183 263.

376 2192 608 2244 cibicida
641 2196 760 2245 254.

373 2259 564 2311 Cicero
599 2277 698 2312 em.
735 2265 860 2325 208,
896 2266 1019 2323 210,
1057 2266 1173 2314 219.

373 2343 723 2395 cognoscere,
761 2328 1060 2396 agnoscere
1095 2334 1211 2381 271.
1381 2402 1393 2415 .

376 2397 650 2448 comedere
703 2397 1092 2449 Germanorum
1151 2405 1276 2450 ‘aus
1331 2401 1494 2449 Lrebe

442 2465 725 2517 aufessen’
762 2469 880 2518 210.

375 2533 695 2585 concredere
729 2537 848 2587 256.

374 2602 659 2653 coniurare
695 2602 946 2654 absolute
981 2602 1186 2654 dictum
1226 2606 1341 2655 196.

372 2670 806 2735 comparationes
885 2670 1227 2737 frequentes

439 2739 560 2789 202.

370 2806 727 2870 comparativi
750 2821 995 2872 graecor.
1023 2808 1340 2859 adiectivor.
1367 2810 1492 2870 269,

438 2875 554 2928 277.

370 2954 643 2993 consonae
695 2942 969 3009 simplices
1028 2960 1123 3009 pro
1182 2943 1494 3010 duplicibus

438 3011 564 3073 219,
601 3013 726 3074 231,
764 3013 861 3061 251
892 3027 968 3078 sq,
1009 3012 1083 3062 al

370 3077 625 3129 consonis
670 3079 906 3129 nondum
949 3081 1256 3145 aspiratum
1313 3086 1493 3132 aetate

438 3145 640 3196 Lucilii
672 3148 795 3197 261.

373 3211 634 3331 ῧόιὲιιρωε
668 3216 826 3334 2Ξ11ὸ
834 3217 949 3265 222.

373 3296 765 3401 chgssdffibug
800 3353 917 3402 285.

371 3419 592 3481 crisare,
627 3431 844 3469 crusare
878 3421 995 3472 229.

372 3501 492 3536 cum
530 3484 842 3536 coniunctio
878 3487 1243 3552 multiplicata
1278 3485 1394 3540 208.

372 3552 644 3604 cumulata
687 3555 909 3604 nomina
944 3569 1038 3604 seu
1078 3557 1246 3606 verba
1282 3558 1399 3610 268.

371 3636 559 3672 curare
596 3623 797 3673 omissa
831 3627 893 3672 ut
926 3624 1044 3677 268.

372 3756 501 3809 dare
537 3774 660 3809 cum
693 3758 844 3810 infin.
882 3761 1002 3810 213.

369 3823 699 3878 decumanus
735 3829 850 3877 211.

370 3891 700 3944 decumanus
731 3895 934 3946 fluctus
968 3898 1086 3947 205.

371 3961 602 4025 decusis,
635 3961 897 4013 decusum
931 3965 1050 4013 228.

372 4028 581 4081 deierat
616 4030 751 4094 perf.
785 4032 902 4081 262.

375 4096 619 4161 demagis
652 4100 769 4149 240.

373 4164 628 4230 depetigo
663 4167 781 4217 270.

7 4243 19 4270 ι
372 4230 651 4298 depostuS,
685 4232 1005 4298 desperatus
1035 4239 1152 4292 207.

369 4299 646 4352 destinare
666 4316 782 4351 acc.
801 4315 920 4352 cum
940 4303 1090 4353 infin.
1111 4304 1358 4354 iunctum
1376 4306 1492 4356 256.

373 4368 668 4432 destinare,
705 4384 877 4420 emere
912 4372 1030 4426 263.

370 4436 675 4502 detundere,
709 4437 997 4490 detondere
1030 4441 1147 4491 243.
1172 4406 1177 4410 ἡ

1277 2672 1494 2722 Lucilio

1554 633 1898 684 Dicarchites
1934 647 2031 697 pro
2068 630 2485 681 Dicaearchites
2520 632 2635 680 203.

1554 701 1734 752 dictus
1769 717 1868 766 pro
1904 700 2110 765 digitus
2143 701 2261 750 240.

1554 769 1798 821 discribo
1834 772 1950 821 230.

1555 835 1765 888 diutius
1799 839 1918 888 253.

1554 904 1778 955 domitio
1814 906 1930 957 248.

1554 973 1774 1023 ducenti
1807 988 1906 1037 pro
1943 970 2222 1037 permultis
2256 974 2383 1035 237,
2420 974 2538 1025 291.

1553 1040 1745 1091 ducere
1782 1036 1997 1106 εοζ263.

1553 1204 1618 1213 -
1645 1191 1675 1226 e
1697 1176 1755 1227 in
1779 1177 1888 1231 dat.
1916 1181 2037 1227 tert.
2066 1179 2192 1240 195;
2228 1179 2368 1239 206,
2393 1179 2515 1238 210,
2545 1178 2673 1237 211,

1621 1246 1753 1307 2193
1792 1248 1919 1306 22ος
1955 1242 2029 1297 al.

1554 1327 1583 1362 e
1619 1328 1717 1378 pro
1753 1329 1820 1363 ae
1858 1316 1975 1365 223.

1553 1395 1616 1430 ec
1651 1382 1777 1443 219,
1813 1384 1931 1435 220.

1550 1449 1837 1499 Ecbatana
1872 1446 2006 1514 gen.'
2029 1449 2153 1499 fem.
2188 1452 2307 1501 235.

1552 1516 1796 1572 ecdicam
1834 1520 1948 1568 199.

1494 1612 1502 1618 -
1552 1583 1753 1635 ecferre
1787 1584 1949 1648 foras,
1989 1566 2237 1649 vulgare*
2251 1587 2368 1636 250.

1549 1652 1602 1701 ei
1625 1658 1885 1718 corrupta
1909 1670 1944 1704 a
1966 1652 2205 1703 librariis
2229 1655 2354 1711 221,
2392 1655 2517 1716 234,
2546 1655 2674 1712 238,

1617 1722 1748 1785 252,
1784 1723 1900 1772 257.

1550 1788 1601 1836 ei
1636 1803 1736 1853 pro
1769 1791 1794 1838 ῖ
1831 1787 2128 1854 (nunquam
2163 1805 2262 1853 pro
2297 1786 2349 1851 ἵ)
2385 1791 2671 1840 223-225.

1550 1856 1599 1904 ei
1637 1856 1993 1920 spondiacum
2029 1859 2146 1907 248.

1550 1921 1699 1972 eluvi
1733 1927 1852 1975 250.

1549 1997 1824 2044 emortuus
1860 1995 1979 2047 228.

1550 2065 1833 2110 emunctae
1867 2062 2018 2111 naris
2052 2062 2171 2111 291.

1550 2128 1769 2192 emungi
1792 2144 1891 2194 pro
1913 2128 2110 2195 decipi,
2145 2134 2209 2180 ut
2233 2119 2674 2194 ἀπομύττεσθαι

1551 2263 1762 2315 Ennius
1798 2267 1916 2317 275.
1987 2270 2179 2317 auctor
2216 2272 2437 2317 saturae
2467 2267 2672 2317 latinae

1618 2334 1737 2383 295.
1807 2335 1923 2384 eius
1961 2333 2186 2384 annales
2225 2336 2343 2385 298.

1550 2400 1761 2451 Ennius
1795 2416 1896 2454 em.
1937 2403 2059 2462 194,
2096 2404 2219 2451 246.

1550 2468 1820 2531 epistulae
1854 2471 2103 2521 versibus
2140 2461 2377 2534 scriptae
2412 2471 2535 2520 227.

1550 2551 1693 2602 equa
1725 2537 1793 2587 de
1829 2537 2049 2588 muliere
2084 2540 2199 2588 269.

1550 2617 1778 2655 erumna
1814 2621 1910 2672 pro
1947 2603 2211 2656 aerumna
2245 2608 2363 2657 247.

1547 2685 1670 2723 esse
1706 2689 1827 2722 cum
1860 2673 2114 2724 adverbio
2151 2676 2267 2724 229.

1547 2744 1633 2789 est
1678 2741 1898 2792 abiecta
1941 2757 1971 2791 e
2005 2746 2315 2807 corruptum
2351 2759 2384 2791 a
2431 2742 2669 2836 librariis

1614 2810 1716 2859 237
1751 2807 1826 2860 al.

1551 2880 1656 2939 est,
1642 2881 1831 2996 Usum}
1855 2893 1973 2930 esse
1997 2879 2198 2930 omissa
2222 2893 2255 2927 a
2279 2877 2344 2928 L.
2381 2880 2510 2940 237,
2546 2880 2670 2940 241,

1614 2947 1716 2995 243
1759 2958 1796 2995 a
1822 2985 1835 2999 .

1547 3017 1602 3061 et
1634 3012 1694 3061 in
1731 3015 2002 3064 antitheto
2037 3017 2154 3067 233.

1547 3084 1602 3128 et
1637 3080 1695 3130 in
1728 3079 1834 3130 fine
1867 3097 2063 3134 versus
2096 3086 2215 3135 220.

1548 3147 1828 3212 Euripidis
1864 3150 2017 3200 chori
2049 3152 2350 3215 vituperati
2387 3154 2502 3202 321.

1549 3221 1809 3280 excerpta
1843 3217 2055 3269 Pithoei
2090 3220 2207 3271 275.

1448 3326 1459 3331 -
1547 3283 1829 3335 excludere
1863 3284 2009 3336 foras
2045 3287 2162 3337 286.

1550 3357 1827 3415 exentero,
1860 3355 2126 3419 eximet-o,
2163 3358 2446 3405 ext-eutero
2483 3357 2599 3406 236.

1512 3485 1514 3488 y
1548 3421 1794 3485 expirare
1829 3423 1949 3472 250.

1548 3556 1728 3607 facere
1765 3558 2011 3608 iunctum
2045 3574 2161 3609 acc.
2201 3573 2321 3608 cum
2357 3558 2456 3608 inf.
2497 3561 2614 3610 282.

1548 3624 1836 3689 facessere,
1871 3626 2084 3676 amoliri
2124 3627 2236 3677 198.

1548 3691 1760 3744 facetus
1796 3663 1913 3745 285.

1548 3759 1720 3812 facies
1757 3777 1854 3831 pro
1892 3768 2110 3814 statura
2146 3764 2263 3813 258.

1550 3828 1697 3879 facul
1730 3831 1847 3879 214.

1548 3895 1668 3946 fala
1700 3912 1800 3961 pro
1836 3897 2067 3948 falarica
2100 3900 2217 3949 284.

1546 3963 1753 4014 favitor
1784 3966 1905 4017 260.

1547 4030 1734 4082 fautor
1767 4032 1873 4084 adi.
1910 4036 2029 4085 217.

1547 4098 1784 4151 ferratus
1818 4104 1935 4153 293.
1996 4157 2000 4161 ‚

1430 4212 1445 4221 ,
1547 4165 1751 4218 fervere
1784 4171 1902 4221 228.

1545 4233 1723 4285 ficella
1756 4240 1899 4287 264.“

1547 4300 1680 4352 ficus
1717 4303 1930 4357 fructus
1968 4322 2135 4361 masc.
2173 4314 2230 4360 et
2264 4306 2383 4359 fem.
2419 4311 2537 4361 213.

1547 4369 1733 4421 fistula
1766 4374 1882 4423 225.

1547 4437 1889 4506 fitius-3223
1928 4445 2046 4495 323.
