3267 5075
709 378 878 434 ACCI
913 379 1008 433 ET
1048 378 1212 433 SUEI
1247 377 1625 432 LIBRORUM
1663 377 1858 443 QUAE
1899 363 2345 432 SUPERSUNT.
2547 376 2708 439 319·

558 555 798 603 ceterum
845 547 1100 602 memorIa
1143 545 1364 619 dignum
1410 545 1465 599 in
1524 551 1606 600 tot
1659 542 1975 618 fragmentis
2032 544 2175 600 Accii
2212 560 2553 617 numquam,
2609 559 2678 600 ne

384 634 440 688 in
487 633 566 689 eis
612 630 829 704 quidem
887 647 1024 704 quae
1077 631 1305 686 servavit
1347 628 1586 699 Nonius,
1641 630 1941 702 scripturae
1995 629 2388 702 proprietatum
2438 629 2560 684 eius
2597 629 2679 684 in·

386 717 559 772 veniri
603 715 929 789 exemplum.
1685 767 1697 779 ,

457 788 466 795 ’
559 800 627 856 de
672 801 916 874 parergis
961 806 1018 855 et
1072 798 1358 871 praxidicis
1415 799 1461 854 si
1517 798 1572 852 in
1616 804 1765 854 tanta
1811 797 2245 872 fragmentorum
2301 798 2572 871 paucitate
2616 814 2677 854 ac

391 884 655 942 tenuitate
709 883 836 939 licet
890 884 1215 953 coniectari,
1283 882 1423 938 idem
1478 881 1692 937 videtur
1747 880 1917 949 fuisse
1974 898 2112 955 opus
2166 881 2391 937 diversis
2449 883 2678 939 nomini-

387 970 519 1040 buS,
589 977 765 1024 metro
822 966 1045 1023 iambico
1098 966 1231 1023 illud
1300 967 1694 1041 compositum,
1761 983 1870 1039 quo
1926 970 2046 1040 agri
2114 965 2326 1022 colendi
2390 974 2677 1040 praecepta

386 1060 808 1128 exponerentur.
898 1052 1084 1125 plures
1146 1051 1309 1107 fuisse
1353 1050 1519 1106 libros
1573 1050 1698 1105 inde
1756 1048 2021 1121 efficitur,
2073 1050 2219 1123 quod
2277 1051 2507 1124 primum
2566 1067 2676 1107 me-

387 1147 563 1193 morat
606 1132 830 1193 Nonius,
1195 1192 1198 1195 .

557 1220 855 1291 annalibuS,
899 1222 1041 1276 sicut
1069 1219 1270 1275 Ennius
1317 1235 1404 1275 res
1450 1218 1688 1293 publicas
1717 1237 1770 1293 p.
1802 1219 1888 1292 R.‚
1926 1220 2124 1275 Accius
2168 1221 2401 1293 privatas
2446 1228 2502 1275 et
2541 1222 2676 1276 anti·

388 1308 657 1381 quitatum
702 1307 932 1362 maxime
975 1321 1064 1359 eas
1112 1320 1247 1377 quae
1290 1304 1356 1359 ad
1410 1321 1558 1359 sacra
1601 1305 1941 1376 pertinerent
1984 1303 2195 1360 videtur
2248 1321 2369 1360 esse
2424 1321 2675 1377 persecu·

388 1401 499 1463 tuS,
547 1399 608 1446 ut
653 1390 841 1445 similia
890 1388 1000 1445 fere
1046 1395 1361 1462 argumenta
1416 1390 1527 1458 εἰς,
1584 1405 1724 1461 quae
1776 1388 1996 1443 Ovidius
2051 1388 2203 1444 fastis
2259 1405 2505 1462 quaeque
2550 1388 2586 1443 1.
2632 1390 2676 1443 V

386 1475 704 1550 Propertius
748 1482 1069 1548 persecutus
1113 1481 1227 1544 est,
1274 1480 1529 1527 tractasse
1560 1489 1683 1528 eum
1728 1473 2046 1528 existimem.
2123 1480 2355 1529 metrum
2399 1482 2454 1528 et
2498 1475 2673 1546 ipsum

389 1560 493 1615 fuit
537 1560 832 1614 heroicum.
923 1574 1179 1613 numerus
1222 1555 1483 1612 librorum
1539 1557 1811 1627 incertus3
1865 1574 1986 1612 nam
2046 1556 2193 1630 quod
2239 1556 2417 1611 xxvn
2474 1573 2675 1613 memo-

387 1653 540 1700 ratur
584 1660 615 1698 a
659 1643 819 1698 Festo
864 1660 910 1698 s.
943 1660 992 1701 v.
1019 1640 1259 1713 metelli,
1305 1657 1545 1696 errorem
1588 1642 1707 1697 sine
1750 1639 1914 1697 dubio
1958 1641 2520 1715 permagnumjatere
2564 1659 2675 1697 non

388 1729 507 1784 sine
551 1729 732 1801 specie
776 1728 968 1782 statuit
999 1723 1292 1799 Madvigius
1313 1728 1432 1798 “pg.
1470 1724 1607 1781 110.
1686 1724 1893 1799 reliqua
1923 1733 2101 1780 autem
2133 1725 2430 1799 fragmenta
2461 1735 2677 1799 praeter

388 1829 555 1867 uuum
600 1811 763 1885 idque
809 1811 960 1867 valde
1004 1818 1316 1883 suspectum
1360 1816 1544 1865 carent
1587 1811 1795 1866 numeri
1839 1818 1984 1865 nota.

558 1904 837 1969 praeterea
879 1912 1001 1950 cum
1052 1894 1258 1949 Plinius
1313 1910 1399 1967 ep.
1456 1893 1520 1964 V,
1567 1894 1627 1964 3,
1673 1894 1709 1950 6
1767 1891 1983 1950 Accium
2038 1895 2183 1950 inter
2236 1911 2331 1950 eos
2386 1904 2671 1965 memoret,

389 1982 482 2054 qui
525 1981 779 2036 amatoria
836 1988 891 2035 et
949 1979 1142 2035 lasciva
1196 1978 1511 2051 scripserint
1566 1980 1827 2049 carmina,
1889 1977 2258 2034 Lachmannus
2311 1978 2714 2036 didascalicon‘

387 2065 554 2120 libros
612 2065 773 2138 idque
832 2063 1003 2119 multo
1061 2064 1232 2135 magis
1287 2070 1515 2136 propter
1577 2062 1778 2119 infame
1832 2062 2205 2120 Sotadicorum
2259 2079 2456 2119 nomen
2513 2081 2671 2137 quam

387 2158 613 2223 propter
656 2155 1035 2223 argumentum
1081 2149 1260 2221 operis
1304 2146 1368 2201 ab
1412 2163 1478 2202 eo
1523 2147 1717 2220 respici
1749 2154 1918 2221 putat.
1999 2147 2246 2221 equidem
2290 2157 2399 2202 tam
2440 2150 2672 2221 turpiter

387 2250 595 2290 errasse
638 2233 869 2289 Plinium
914 2233 1127 2288 minime
1173 2230 1519 2301 crediderim3
1564 2231 1658 2286 sed
1708 2231 1857 2286 fuere
1902 2232 2042 2287 haud
2087 2232 2247 2288 dubie
2292 2233 2524 2288 carmina
2569 2235 2671 2288 ista

387 2319 561 2391 qualia
608 2317 909 2391 aequalium
958 2318 1097 2379 Accii
1141 2316 1377 2389 legimus
1407 2315 1602 2371 Valerii
1637 2316 1871 2388 Aeditui,
1915 2315 2091 2372 Porcii
2135 2315 2325 2389 Licini,
2369 2315 2432 2383 Q.
2480 2315 2669 2381 Catuli,

385 2404 450 2457 «le
495 2401 691 2476 quibus
737 2402 839 2457 nisi
881 2408 1109 2457 testatus
1166 2407 1313 2456 esset
1367 2399 1570 2455 Gellius
1614 2399 1823 2472 XVllll,
1870 2401 1906 2458 9
1963 2399 2118 2456 nobis
2163 2418 2273 2457 non
2317 2402 2488 2476 magis
2544 2419 2673 2458 con-

383 2496 569 2544 staret.
965 2526 970 2533 -

552 2572 788 2646 denique
843 2573 929 2627 vix
984 2572 1243 2627 memoria
1285 2569 1510 2645 dignum
1554 2587 1772 2627 narrare
1825 2570 2171 2627 scholiastam
2216 2570 2532 2628 Bobiensem
2580 2588 2671 2628 ex-

385 2659 558 2714 titisse
602 2659 749 2714 Accii
794 2655 987 2712 librum
1030 2656 1271 2712 saturnio
1313 2663 1488 2711 metro
1533 2656 1920 2730 conscriptum,
1965 2657 2066 2712 nisi
2100 2657 2204 2712 hoc
2233 2657 2469 2712 veritatis
2502 2674 2670 2730 quan—

384 2743 580 2798 tumvis
626 2749 791 2798 tenue
835 2741 1121 2815 vestigium
1163 2741 1343 2798 inesse
1396 2742 1449 2795 in
1511 2740 1615 2795 hoc
1672 2741 1981 2796 testimonio
2037 2740 2307 2812 dicemus,
2363 2749 2422 2795 ut
2478 2741 2668 2797 titulos

380 2828 655 2883 saturnios
700 2826 765 2881 ab
810 2826 971 2881 Accio
1017 2826 1212 2881 honori
1268 2823 1520 2894 mlh-uu
1566 2823 1794 2880 Gallaeci
1840 2824 2045 2881 dicatos
2088 2826 2488 2899 insequentium
2534 2834 2670 2882 tem-

380 2929 578 2985 porum
623 2911 897 2967 hominem
945 2910 1211 2983 quendam
1256 2910 1554 2965 litteratum
1599 2909 1860 2965 collectos
1909 2908 2140 2965 edidisse
2183 2909 2437 2966 dicamus,
2524 2918 2671 2967 cete-

381 3013 500 3053 rum
545 2997 731 3071 potuit
781 2993 897 3052 fieri
950 3003 1010 3050 ut
1066 3010 1281 3050 normas
1336 3010 1425 3049 eas
1470 2994 1694 3049 saturnii
1751 2994 1940 3063 metri,
2001 3011 2133 3067 quas
2191 3011 2314 3050 mox
2357 3012 2385 3049 a
2432 2994 2668 3051 Varrone

323 3099 328 3105 ·
380 3080 605 3138 traditas
647 3078 950 3154 probarunt
994 3078 1324 3153 grammatici
1366 3077 1573 3151 Latini,
1628 3079 1831 3152 primus
1876 3078 2201 3135 carminibus
2255 3080 2368 3134 suis
2413 3096 2670 3154 sequere-

378 3173 468 3222 tur
510 3166 724 3222 Accius.

1504 3315 1547 3374 11

545 3437 769 3494 Sueium
810 3436 1148 3511 incognitum
1178 3435 1351 3493 doctis
1395 3436 1697 3493 litterarum
1728 3432 2036 3493 Latinarum
2077 3436 2355 3493 historiam
2401 3437 2494 3511 qui
2538 3449 2667 3497 sunt

376 3522 651 3597 persecuti
697 3539 817 3578 cum
861 3538 926 3578 ex
972 3520 1142 3596 longo
1188 3529 1410 3578 veterno
1461 3522 1877 3577 resuscitassent
1922 3519 2224 3577 odofredus
2268 3521 2557 3579 Muellerus
2602 3524 2664 3580 ad
2751 3526 2767 3538 ⁴

380 3608 526 3664 Varr.
574 3606 628 3662 d.
676 3606 712 3662 l.
759 3605 819 3663 L.
863 3605 951 3660 Vll
999 3605 1121 3663 104
1165 3615 1221 3661 et
1265 3605 1568 3662 Fridericus
1612 3604 1939 3662 Ritschelius
1990 3621 2208 3679 parerg.
2255 3623 2346 3679 pg.
2394 3606 2509 3679 29,
2543 3625 2668 3664 mox

376 3692 635 3749 Martinus
680 3690 931 3747 Hertzius
975 3691 1208 3746 carmine
1251 3690 1523 3765 pullorum
1570 3689 1717 3764 quod
1760 3689 1935 3746 tribus
1977 3690 2111 3746 locis
2154 3701 2416 3746 memorat
2460 3692 2667 3749 Nonius

378 3778 616 3833 auxisset
672 3775 939 3832 annalium
993 3773 1299 3830 litterarum
1354 3776 1664 3831 criticorum
1720 3791 1769 3831 a.
1831 3772 1995 3831 1843
2051 3775 2124 3845 11,
2183 3774 2304 3832 232
2352 3793 2508 3849 sqq,
2563 3794 2667 3832 nos

377 3878 514 3918 mus,
563 3860 735 3917 Rben.
769 3859 967 3930 XXllll,
1003 3857 1127 3916 553
1173 3875 1300 3915 vero
1345 3860 1561 3915 nomine
1604 3858 1956 3928 donavimus;
2001 3875 2122 3915 nam
2166 3858 2308 3934 apud
2340 3857 2665 3916 Macrobium

375 3944 607 4002 Suevius
653 3943 899 4004 audiebat
942 3943 1129 4018 (quem
1174 3943 1391 4018 quidam
1434 3961 1545 4000 non
1588 3950 1738 4000 recte
1767 3942 2012 3999 Saevium
2043 3943 2359 4001 Nicanorem
2402 3944 2553 3999 illum
2597 3945 2666 4001 de

376 4047 486 4104 quo
532 4030 647 4104 a'git
690 4028 984 4085 Suetonius
1029 4031 1433 4104 grammaticum
1479 4027 1870 4100 crediderunt),
1913 4027 2134 4084 Suetius
2177 4027 2320 4102 apud
2348 4028 2661 4085 Varronem.

375 4116 422 4170 is
478 4131 549 4170 ne
595 4130 786 4170 rursus
843 4112 1134 4188 oblivione,
1157 4120 1525 4188 premeretur,
1579 4111 1884 4187 fragmenta
1940 4114 2056 4169 eius
2120 4120 2393 4186 quotquot
2437 4122 2666 4187 potuere

375 4200 601 4272 reperiri
647 4199 735 4255 hic
798 4197 904 4254 loci
955 4199 1352 4272 repraesentari
1407 4197 1641 4272 placuit,
1697 4214 1820 4254 cum
1874 4198 2192 4271 praesertim
2249 4197 2390 4252 haud
2434 4196 2664 4254 absurde

376 4283 583 4340 Lucilio
628 4284 900 4355 Accioque
944 4281 1235 4339 adderetur
1277 4283 1441 4339 homo
1488 4284 1581 4356 qui
1624 4289 1682 4338 et
1724 4283 1844 4356 ipse
1887 4280 2208 4337 eruditionis
2253 4280 2409 4337 laude
2455 4280 2660 4339 floruit.

375 4398 457 4407 —-
503 4376 559 4425 et
603 4383 823 4441 compar
866 4368 948 4423 his
994 4374 1168 4423 aetate
1213 4366 1425 4423 videtur
1469 4368 1745 4438 extitisse,
1795 4368 1899 4422 nisi
1943 4367 2063 4440 quis
2107 4368 2274 4441 magis
2320 4383 2442 4422 eum
2487 4366 2663 4428 Laevii
