3267 5075
1241 394 1459 452 LIBER
1494 395 1691 454 XXVI.
2533 397 2614 462 81

1277 559 1399 623 XX
1447 557 1581 647 [58]
1618 584 1665 644 p

504 676 805 762 quodque
847 679 913 739 te
957 676 1026 740 in
1070 676 1489 760 tranquillum
1537 697 1614 740 ex
1663 676 1869 741 saevis
1922 654 2235 741 brunefers
2280 681 2620 762 tempesia-

1179 791 1372 856 tibus,

1269 923 1424 987 XXI
1472 922 1605 1011 [17]
1637 948 1679 988 as

507 1041 826 1126 principio
871 1040 1119 1124 physici
1175 1062 1397 1103 omnes
1444 1044 1740 1104 constare
1785 1040 2110 1104 hominem
2167 1065 2243 1106 ex
2299 1044 2515 1108 anima
2561 1047 2627 1107 et

1185 1172 1449 1240 corpore

364 1275 463 1340 25
511 1274 737 1337 dicunt
797 1332 831 1341 -
861 1323 897 1341 0
918 1305 956 1340 2.
979 1319 1574 1341 υυυυυυυυυυ

1266 1401 1454 1466 XXII
1503 1400 1693 1490 [55]b

512 1522 730 1586 animo
767 1519 913 1605 quei
951 1521 1263 1604 aegrotat,
1309 1518 1595 1583 videmus
1633 1540 1900 1603 corpore
1935 1520 2106 1585 hunc
2153 1521 2410 1606 signum
2457 1523 2608 1587 dare

1198 1737 1205 1744 „
1248 1649 1469 1715 XXIII
1522 1649 1654 1738 [28]
1670 1675 1704 1718 c

507 1773 653 1835 tum
698 1767 1027 1833 doloribus
1074 1766 1433 1831 confectum
1481 1788 1711 1851 corpus
1759 1769 1975 1833 animo
2022 1771 2352 1835 obsistere.

1248 1897 1466 1965 XXIV
1516 1900 1711 1981 [27Jd

511 2039 636 2104 ego
667 2018 836 2103 siqui
866 2039 1007 2081 sum
1037 2019 1102 2079 et
1129 2036 1255 2100 quo
1283 2014 1567 2080 folliculo
1603 2038 1776 2081 nunc
1815 2039 1958 2081 sum
1984 2018 2247 2082 indutus
2284 2042 2417 2083 non
2446 2042 2628 2104 queo.

1269 2145 1453 2212 XXV
1501 2148 1687 2230 [52]e

508 2322 552 2331 ..
578 2313 614 2329 c
636 2322 680 2331 ..
703 2310 740 2328 c
775 2287 969 2351 quam
1014 2262 1420 2327 fastidiosum
1467 2286 1541 2328 ac
1586 2285 1847 2330 vescum
1891 2266 2118 2331 vivere.

1106 2394 1323 2460 XXVI
1371 2395 1699 2481 [XXVIIL
1747 2398 1868 2479 8]a

372 2519 464 2585 30
510 2578 557 2588 -
581 2563 984 2586 „„„„„„„
1045 2512 1291 2577 doctior
1335 2536 1530 2596 quam
1575 2514 1770 2579 ceteri

519 2632 614 2698 sis
660 2634 727 2694 et
770 2632 979 2695 mutes
1026 2628 1244 2714 aliquo
1290 2632 1502 2693 tecum
1551 2632 1760 2694 sartas
1805 2633 2010 2695 tectas
2057 2630 2268 2696 ditias.

330 2899 541 2968 ponius
587 2929 654 2939 -
699 2893 1013 2946 Lucilius
1047 2894 1141 2949 lib.
1177 2893 1377 2946 XXVI.
1502 2894 1603 2946 XX
1664 2895 1800 2949 Non.
1839 2897 1955 2959 388,
1997 2899 2058 2948 13
2095 2911 2138 2947 3.
2176 2915 2228 2953 v.
2266 2912 2529 2949 saevum
2563 2925 2631 2936 —

336 2966 665 3019 Lucilius
698 2963 792 3017 lib.
827 2962 998 3014 XXX.
1101 2961 1231 3013 XXI
1273 2963 1412 3013 Non.
1447 2965 1565 3027 272,
1602 2966 1670 3015 33
1706 2969 1974 3015 constat
2000 2968 2355 3029 compositum
2391 2972 2477 3017 est
2513 2968 2630 3018 Lu-

333 3035 550 3085 cilius
588 3032 683 3082 lib.
719 3031 918 3083 XXVI.
1097 3029 1258 3080 XXII
1317 3032 1456 3081 Non.
1491 3032 1610 3094 281,
1654 3034 1716 3082 14
1758 3032 1916 3082 dare
1951 3033 2251 3084 ostendere.
2323 3034 2631 3085 Lucilius

332 3104 431 3154 lib.
468 3100 673 3152 XXVI.
813 3097 1003 3149 XXIII
1054 3097 1194 3149 Non.
1232 3099 1349 3162 268,
1386 3101 1453 3149 27
1489 3098 1861 3150 confectum
1895 3099 2180 3151 defessum.
2253 3102 2527 3167 Vergilius
2565 3129 2629 3138 —

334 3168 659 3221 Lucilius
696 3166 786 3217 lib.
825 3165 1025 3217 XXVI.
1127 3164 1310 3216 XXIV
1354 3168 1494 3218 Non.
1523 3169 1636 3231 110,
1664 3169 1730 3217 26
1765 3167 2145 3219 folliculum
2181 3168 2498 3220 Lucilius
2536 3186 2631 3235 po·

339 3289 455 3341 suit
491 3304 594 3354 pro
629 3301 859 3351 corpore
894 3285 987 3335 lib.
1025 3284 1202 3336 XXVI
1241 3247 1455 3350 (XXVI
1492 3286 1537 3334 L
1579 3283 1648 3347 1).
1755 3285 1909 3336 XXV
1951 3285 2093 3336 Non.
2120 3287 2234 3348 186,
2261 3288 2327 3336 32
2363 3301 2632 3337 vescum

337 3359 614 3408 minutum
661 3354 964 3407 obscurum.
1053 3352 1366 3403 Lucilius
1412 3353 1506 3404 lib.
1543 3352 1727 3403 XXVI
1779 3380 1844 3389 -
1898 3352 2106 3404 Gellius
2150 3353 2309 3413 XVI,
2349 3357 2398 3413 5,
2438 3356 2467 3405 7
2516 3354 2632 3418 (ubi

339 3424 581 3491 Sulpicii
615 3420 950 3488 Apollinaris
987 3420 1166 3470 reddit
1198 3419 1517 3483 sermonem)
1565 3420 1727 3470 aliter
1761 3421 1906 3471 enim
1949 3420 2240 3472 Lucretius
2277 3435 2499 3473 vescum
2545 3439 2632 3473 sa-

337 3493 447 3543 lem
494 3491 634 3542 dicit
679 3505 745 3540 ex
792 3487 981 3539 edendi
1015 3488 1346 3551 intentione,
1405 3488 1567 3539 aliter
1611 3488 1923 3540 Lucilius
1968 3503 2183 3539 vescum
2228 3489 2473 3558 appellat
2509 3507 2631 3541 cum

339 3559 537 3611 edendi
584 3556 824 3610 fastidio,
998 3555 1182 3608 XXVI
1237 3557 1377 3607 Non.
1424 3557 1542 3619 351,
1579 3558 1614 3607 4
1650 3561 1900 3608 mutare
1938 3555 2249 3610 transferre.
2321 3557 2632 3609 Lucilius

521 3807 599 3866 23
647 3815 702 3863 te
745 3808 824 3879 in,
867 3810 949 3863 ita
998 3807 1081 3872 B,·
1127 3815 1181 3863 te
1225 3807 1280 3862 in
1327 3813 1379 3862 te
1423 3807 1476 3862 in
1525 3806 1589 3877 G,
1638 3807 1685 3861 L
1719 3806 1776 3862 1.
1818 3835 1902 3845 --
1945 3807 2061 3861 eius
2101 3823 2214 3877 pro
2259 3823 2322 3863 ex
2354 3810 2523 3879 saevis
2560 3809 2628 3864 Β.

346 3891 738 3952 —-.u·anssers
783 3892 898 3963 Dp,
945 3890 1176 3947 transfer
1219 3892 1347 3947 cdd.
1564 3889 1647 3946 24
1693 3888 1823 3945 fisici
1868 3891 1997 3946 cdd.
2042 3907 2171 3947 cum
2216 3890 2383 3965 Gen„
2435 3894 2502 3950 Β.

346 3978 429 4036 26
476 3978 602 4052 quei
633 3976 715 4047 M,
745 3993 852 4050 que
883 3978 1033 4049 cdd„
1064 3976 1157 4049 qui
1190 3975 1318 4032 Gul.
1361 4004 1444 4015 -
1486 3975 1715 4030 vidimus
1746 3975 1899 4047 cdd„
1929 3991 2088 4032 corr.
2120 3975 2249 4035 Αἶά.
2381 3977 2459 4035 29
2502 3986 2634 4049 post

346 4078 569 4119 vescum
614 4063 746 4119 add.
793 4061 840 4118 G
883 4077 1007 4118 cum
1051 4059 1291 4133 fastidio,
1336 4060 1382 4116 L
1428 4060 1460 4114 1
1511 4058 1746 4115 fastidio.
1964 4060 2047 4118 30
2089 4062 2253 4117 ceteri
2298 4063 2374 4116 sis
2420 4080 2501 4133 v..,
2547 4078 2634 4117 ce-

347 4148 484 4204 teris
528 4147 575 4202 is
621 4147 689 4217 G,
733 4146 780 4202 L
813 4146 872 4218 1,
917 4145 1141 4201 caeteris
1187 4146 1231 4200 is
1275 4145 1344 4201 Β.
1424 4192 1429 4197 .
1477 4143 1552 4202 31
1602 4151 1659 4199 et
1703 4143 1812 4216 (vel
1856 4143 1939 4213 ac)
1985 4152 2160 4200 mutes
2207 4144 2285 4207 M,
2330 4163 2418 4201 asa
2464 4147 2633 4201 minis

347 4239 530 4288 mutes
574 4231 621 4287 L
654 4231 708 4303 1,
757 4231 824 4302 G,
870 4246 956 4285 asa
1003 4247 1106 4286 om.
1142 4229 1211 4285 B.
1264 4261 1336 4269 —
1384 4236 1558 4285 sarias
1605 4236 1771 4285 lectas
1816 4228 2027 4285 divitias
2065 4229 2446 4301 DuentzeruS,
2490 4237 2633 4285 satra

350 4316 494 4372 sacta
536 4317 659 4372 vitia
701 4316 748 4372 L
796 4316 828 4370 1
878 4323 933 4371 ee
977 4331 1056 4370 ex
1099 4331 1255 4371 corr.
1306 4315 1386 4384 G,
1440 4318 1498 4370 in
1555 4331 1669 4386 quo
1721 4316 1892 4384 prius
1938 4313 2147 4386 fuerat
2201 4331 2380 4383 sacr-33
2438 4314 2634 4370 satral'a

350 4401 532 4457 acutia
576 4402 645 4472 B,
694 4400 831 4456 Gen.

465 4496 516 4537 O.
540 4497 686 4537 Lucili
712 4499 854 4537 satur.
879 4496 959 4536 rel.
2178 4502 2211 4553 6
