3267 5075
1014 361 1466 419 ΤΕεΤΙΜοΝΙΑ
1502 362 1598 417 DE
1638 360 1947 419 memo,
2497 360 2623 427 185
2724 440 2732 453 ,

340 526 661 611 gracilem,
703 527 967 591 tertium
1011 527 1412 591 mediocrem.
1484 527 1665 591 uberi
1711 525 1993 611 dignitas
2040 530 2231 613 atque
2269 528 2624 612 amplitudo

342 645 460 726 est,
527 643 753 727 gracili
814 646 1119 707 venustas
1182 645 1248 705 et
1311 641 1665 725 subtilitas,
1726 642 1973 707 medius
2037 642 2106 705 in
2170 643 2445 708 confinio
2511 647 2626 725 est,

341 759 671 844 utriusque
736 758 911 823 modi
973 757 1313 843 particeps,
1404 757 1505 821 his
1570 757 1842 842 singulis
1908 758 2216 823 orationis
2280 759 2625 823 virtutibus

341 875 496 938 vitia
544 878 787 960 agnata
833 851 984 938 sunt
1028 874 1169 957 pari
1213 893 1507 957 numero,
1554 894 1717 957 quae
1764 895 1984 937 earum
2030 874 2290 937 modum
2336 878 2402 938 et
2445 874 2624 938 habi-

340 994 475 1054 tum
544 990 901 1055 simulacris
971 988 1153 1053 falsis
1229 989 1682 1052 ementiuntur.
1780 987 1887 1053 ‘sic
1947 990 2322 1074 plerumque
2388 990 2627 1054 sufflati

344 1109 533 1190 atque
597 1105 830 1169 tumidi
891 1105 1126 1169 fallunt
1188 1127 1306 1187 pro
1362 1103 1692 1188 uberibus,
1756 1105 2120 1188 squalentes
2185 1107 2251 1167 et
2303 1104 2627 1168 ieiunidici

313 1242 453 1304 ·pro
522 1220 895 1305 gracilibuS,
967 1220 1195 1284 incerti
1270 1222 1335 1283 et
1397 1219 1683 1303 ambigui
1747 1241 1864 1303 pro
1928 1218 2370 1283 mediocribus,
2477 1241 2630 1283 vera

342 1339 555 1400 autem
612 1339 679 1399 et
730 1336 994 1420 propria
1047 1335 1484 1409 huiuscemodi
1529 1335 1884 1399 formarum
1938 1336 2229 1418 exempla
2280 1335 2351 1398 in
2396 1334 2630 1399 Latina

344 1452 567 1536 lingua
619 1450 706 1516 M.
760 1451 970 1515 Varro
1027 1473 1164 1515 esse
1231 1450 1385 1514 dicit
1445 1450 1758 1515 ubertatis
1813 1449 2190 1535 Pacuvium,
2250 1450 2628 1535 gracilitatis

345 1566 678 1652 Lucilium,
722 1566 1182 1634 mediocritatis
1229 1566 1616 1631 Terentium.

1351 1725 1623 1791 XXIXa

517 1851 763 1917 Fronto
808 1874 914 1938 pg.
966 1853 1090 1917 113
1134 1850 1330 1917 Nab.:
1390 1852 1461 1916 in
1513 1851 1720 1937 poetis
1781 1852 1995 1915 autem
2050 1850 2193 1936 quis
2247 1851 2505 1936 ignorat
2558 1853 2632 1935 ut

348 1968 601 2055 gracilis
649 1969 736 2033 sit
778 1967 1106 2033 Lucilius?

1347 2116 1621 2182 XXIXb

522 2245 606 2309 id.
643 2246 757 2309 62:
804 2244 1040 2328 partim
1087 2243 1471 2327 scriptorum
1509 2244 1983 2309 animadvertas
2028 2245 2462 2329 particulatim
2510 2244 2632 2308 ele-
2710 2251 2712 2254 ’

350 2360 580 2445 gantiS‚
623 2358 906 2425 Novium
961 2362 1026 2423 et
1076 2334 1504 2442 Pomponium
1560 2362 1625 2422 et
1678 2359 1743 2423 id
1799 2381 2002 2444 genus
2057 2360 2126 2424 in
2180 2360 2390 2426 verbis
2444 2359 2632 2433 rusti-

350 2475 524 2540 canis
579 2478 645 2540 et
706 2475 1095 2541 iocularibus
1162 2496 1235 2540 ac
1297 2474 1706 2559 ridiculariis,
1778 2474 2002 2540 Attam
2064 2475 2133 2540 in
2197 2474 2635 2558 muliebribus,

352 2589 688 2656 Sisennam
743 2591 814 2655 in
865 2591 1148 2675 lascivis,
1202 2590 1521 2656 Lucilium
1575 2591 1646 2654 in
1700 2591 2005 2678 cuiusque
2059 2591 2216 2657 artis
2272 2613 2347 2657 ac
2391 2589 2634 2678 negotii

319 2707 322 2714 ’
350 2708 640 2793 propriis,

1136 2922 1140 2925 .
1288 2830 1471 2896 XXX
1516 2829 1698 2919 [180]

526 2956 738 3022 Diom.
783 2957 941 3023 482:
1002 2961 1216 3042 satyra
1270 2957 1500 3021 dicitur
1554 2978 1810 3021 carmen
1867 2958 2036 3041 apud
2081 2957 2410 3022 Romanos
2465 2979 2637 3022 nunc

357 3074 609 3157 quidem
663 3072 1045 3140 maledicum
1101 3076 1167 3136 et
1220 3073 1300 3136 ad
1356 3073 1676 3156 car‘penda
1729 3073 2066 3137 hominum
2120 3073 2278 3137 vitia
2333 3073 2638 3138 archaeae

357 3189 717 3253 comoediae
773 3188 1138 3252 charactere
1193 3188 1625 3271 conpositum,
1685 3188 1872 3272 quale
1920 3189 2314 3271 scripserunt
2355 3187 2637 3252 Lucilius

359 3307 421 3367 et
461 3303 772 3367 Horatius
817 3306 883 3367 et
927 3301 1201 3367 Persius,
1274 3306 1373 3367 set
1418 3302 1572 3366 olim
1617 3323 1877 3367 carmen
1922 3302 2093 3392 quod
2139 3323 2215 3365 ex
2258 3302 2452 3366 variis
2489 3324 2638 3386 poe-

358 3420 634 3483 matibus
681 3418 1023 3483 constabat
1069 3422 1285 3502 satyra
1328 3417 1704 3502 vocabatur,
1760 3419 1946 3502 quale
2003 3418 2396 3500 scripserunt
2438 3416 2639 3481 Pacu-

358 3535 493 3598 vius
540 3538 606 3598 et
648 3533 919 3598 Ennius
966 3571 1050 3579 —
1099 3555 1176 3597 ex
1212 3532 1423 3598 Diom.
1462 3536 1613 3597 sunt
1658 3533 1861 3619 petita
1908 3554 2070 3616 quae
2111 3532 2413 3617 leguntur
2459 3533 2640 3596 scho-

360 3649 492 3713 lior.
545 3648 752 3713 Persii
805 3649 899 3713 cd.
954 3647 1268 3712 Bernensi
1314 3647 1471 3712 665:
1533 3652 1750 3732 satyra
1804 3648 2035 3713 dicitur
2089 3647 2258 3731 apud
2311 3647 2641 3711 Romanos

362 3787 613 3829 carmen
667 3763 1049 3828 maledicum
1108 3766 1172 3827 et
1227 3761 1309 3826 ad
1363 3763 1684 3847 carpenda
1735 3763 2073 3828 hominum
2125 3763 2285 3827 vitia
2329 3762 2641 3846 composi-

360 3883 512 3965 tum,
550 3880 748 3964 'quale
796 3879 1189 3962 scripserunt
1232 3877 1514 3943 Lucilius
1557 3877 1869 3942 Horatius
1917 3881 1982 3942 et
2025 3877 2302 3943 Persius,
2336 3881 2345 3892 “
2375 3881 2444 3942 at
2489 3878 2643 3942 olim

362 4017 617 4082 carmen
663 3995 833 4080 quod
880 4015 914 4057 e
967 3993 1161 4058 variis
1215 3994 1620 4078 poematibus
1668 3996 2008 4058 constabat
2046 3994 2244 4058 satira
2277 3994 2645 4076 vocabatur,

363 4112 545 4196 quale
612 4109 1006 4195 scripserunt
1067 4106 1380 4174 Pacuvius
1456 4112 1521 4172 et
1590 4107 1844 4177 Ennius
1918 4108 2279 4196 (Emilius
2343 4104 2482 4191 cd.).
2558 4143 2642 4152 —-—

364 4226 581 4290 eadem
626 4225 760 4288 fere
807 4224 876 4288 in
915 4224 1101 4289 libris
1146 4222 1402 4289 Horatii
1448 4227 1513 4288 et
1554 4222 1877 4288 Iuvenalis
1924 4227 2138 4288 extare
2182 4225 2456 4288 testatur
2500 4219 2644 4286 Iah-

302 4369 311 4374 ·
364 4341 505 4408 nius
552 4340 724 4428 apud
768 4339 1359 4408 Reifferscheidium
1406 4339 1578 4407 Suet.
1623 4340 1802 4425 reliq.
1846 4360 1953 4423 pg.
2000 4340 2148 4404 371,
