3267 5075
1349 322 1565 374 LIBER
1602 321 1722 374 vn.
2339 287 2348 296 ⁰
2596 318 2680 381 39

1328 482 1549 548 XVIII
1602 485 1743 565 [20]

423 598 518 665 25
564 599 976 684 muginamur
1021 589 1322 664 molimur
1367 600 1784 664 subducimur
1827 655 1868 663 -
1892 644 1928 662 υ

1361 713 1515 778 XJX
1563 717 1703 796 [18]

561 879 1271 900 υυυυυυυυυυυυ
1333 831 1516 896 calda
1561 831 1819 895 simeitu

565 968 639 1010 ac
685 945 845 1009 bene
892 946 1102 1029 plena
1128 948 1186 1010 ei
1231 969 1387 1011 vasa
1433 948 1751 1012 clerorum
1798 949 1989 1032 atque
2037 945 2264 1011 anseri’
2312 938 2530 1011 collus,

1378 1061 1501 1143 XX
1547 1065 1688 1143 [17]

562 1177 767 1241 solam
814 1200 1035 1241 auram
1084 1177 1416 1243 adversam
1464 1182 1747 1263 segetem
1793 1179 2144 1243 inmutasse
2192 1180 2574 1261 statumque.

1359 1292 1513 1357 XXI
1562 1295 1703 1375 [21]

559 1457 1387 1479 „„„„„„„„„„„„„„
1451 1410 1674 1474 eodem

421 1525 514 1587 30
558 1526 750 1607 pacto
798 1524 842 1586 li
890 1525 1156 1609 oganni!
1205 1574 1848 1596 „„„„„„„„„„„

1338 1638 1525 1703 XXII
1572 1641 1713 1721 [16]

557 1754 775 1819 tristes
784 1805 801 1838 ‚
849 1754 1138 1821 difficiles
1187 1753 1408 1839 sumu’,
1453 1754 1801 1820 fastidimu'
1848 1735 2182 1821 bonorum.

1083 1839 1096 1862 '
1346 1870 1566 1934 XXIII
1613 1872 1709 1952 [9]

557 1987 836 2071 primum
881 1987 1075 2072 fulgit
1118 1987 1214 2051 uti
1260 1987 1512 2052 caldum
1559 2009 1630 2052 ec
1677 1985 2031 2051 furnacibu'
2077 1987 2333 2053 ferrum.

1345 2101 1561 2167 XXIV
1608 2100 1705 2183 [8]

557 2218 837 2302 quinque
881 2218 1106 2282 hastae
1118 2269 1136 2302 ,
1184 2219 1443 2283 aureolo
1490 2218 1704 2282 cinctu
1751 2216 2015 2283 rorariu'
2062 2221 2252 2284 veles,

368 2396 448 2460 Μ,
477 2396 577 2447 uti
599 2393 695 2459 w).
791 2395 979 2447 XVIII
1012 2397 1151 2447 Non.
1176 2398 1290 2459 139,
1308 2397 1339 2446 ὃ
1364 2396 1694 2460 muginari
1717 2410 2064 2447 murmurare.
2112 2396 2418 2448 Lucilius
2442 2397 2536 2448 lib.
2554 2396 2678 2450 VII.

370 2491 436 2501 —-
458 2464 604 2514 idem
620 2466 737 2526 346,
759 2466 820 2513 12
838 2465 1062 2514 moliri
1085 2463 1316 2514 retinere
1339 2464 1541 2515 morari
1565 2480 1629 2514 ac
1656 2464 1949 2529 repigrato.
1994 2463 2265 2516 Caecilius
2287 2494 2350 2501 —
2370 2465 2678 2517 Lucilius

368 2533 464 2584 lib.
503 2532 614 2583 VII
649 2531 907 2595 (fortasse
946 2532 1153 2583 XXVII
1188 2531 1324 2583 haec
1360 2530 1688 2599 tribuenda).
1794 2532 1979 2581 XXIX
2021 2532 2163 2583 Non.
2200 2537 2317 2595 200,
2355 2534 2419 2584 14
2455 2533 2675 2587 collus

368 2599 696 2652 masculino.
764 2599 967 2652 Accius
1000 2627 1063 2637 —-
1103 2600 1412 2653 Lucilius
1450 2605 1755 2664 satyrarum
1790 2601 1885 2655 lib.
1920 2601 2043 2651 VII.
2146 2601 2250 2650 XX
2302 2601 2441 2652 Non.
2467 2605 2585 2665 395,
2615 2605 2678 2653 16

372 2672 664 2734 segetem
701 2670 866 2720 etiam
899 2669 1076 2735 ipsam
1110 2673 1308 2719 terram
1332 2668 1583 2720 dicimus,
1646 2668 1927 2733 Vergilius
1948 2694 2016 2704 —
2041 2667 2272 2720 Plautus
2295 2696 2362 2705 -
2384 2670 2586 2722 Accius
2614 2699 2674 2708 —-

367 2738 514 2787 idem
539 2762 607 2772 --
630 2736 941 2788 Lucilius
979 2740 1290 2799 satyrarum
1323 2736 1422 2787 lib.
1453 2737 1576 2790 VII.
1686 2736 1817 2787 XXI
1873 2737 2012 2790 Non.
2047 2737 2166 2800 450,
2195 2741 2258 2788 10
2292 2738 2456 2788 etiam
2491 2738 2676 2789 huma-

369 2821 500 2855 nam
540 2820 724 2854 vocem
758 2803 1008 2855 nonnulli
1044 2805 1394 2868 gannitum
1427 2808 1775 2855 vocaverunt.
1834 2803 2097 2855 Afranius
2132 2837 2198 2846 —-
2231 2806 2545 2857 Lucilius
2578 2806 2674 2857 lib.

368 2874 497 2924 VII.
617 2872 779 2923 XXII
834 2872 974 2923 Non.
998 2874 1117 2936 496,
1147 2875 1208 2923 13
1244 2873 1527 2937 genetivus
1564 2887 1725 2923 casus
1762 2872 1977 2938 positus
2011 2888 2109 2937 pro
2145 2874 2481 2924 accusativo.
2537 2875 2675 2924 Titi-

368 2942 498 2991 nius
535 2966 602 2975 -
639 2939 867 2991 Plautus
905 2967 967 2975 —
1005 2942 1051 2990 L
1066 2940 1315 2991 ucilius
1352 2944 1659 3004 satyrarum
1692 2939 1784 2990 lib.
1820 2941 1946 2994 V11.
2065 2941 2254 2992 XXIII
2311 2941 2450 2991 Non.
2490 2943 2606 3005 506,
2642 2946 2674 2994 7

369 3008 586 3072 fulgit
622 3024 720 3073 pro
757 3008 946 3071 fulget.
1015 3008 1324 3060 Lucilius
1361 3012 1667 3073 satyrarum
1702 3008 1794 3058 lib.
1819 3008 1943 3060 V11.
2048 3007 2230 3059 XXIV
2282 3008 2422 3059 Non.
2457 3011 2576 3072 552,
2606 3013 2670 3062 31

368 3076 620 3127 rorarii
645 3074 825 3138 (rora
838 3077 895 3125 ri
918 3073 990 3138 v.)
1016 3076 1437 3142 appellabantur
1460 3075 1680 3139 militeS,
1708 3076 1802 3141 qui
1826 3081 2118 3140 antequam
2138 3091 2459 3141 congressae
2488 3082 2673 3128 essent

368 3145 540 3206 acies,
576 3149 749 3208 primo
786 3159 896 3194 non
920 3144 1109 3196 multis
1132 3144 1324 3195 iaculis
1349 3143 1564 3194 inibant
1588 3144 1881 3211 proelium3
1922 3150 2157 3194 tractum
2181 3144 2324 3209 quod
2348 3149 2473 3194 ante
2498 3145 2666 3195 maxi-

368 3229 490 3263 mas
528 3212 743 3278 pluvias
780 3211 992 3263 caelum
1025 3226 1216 3263 rorare
1248 3213 1499 3278 incipiat.
1569 3211 1882 3263 Lucilius
1920 3216 2230 3276 satyrarum
2262 3212 2355 3262 lib.
2393 3212 2517 3263 VII.

544 3389 624 3448 25
680 3392 991 3448 mutilatum·
1031 3393 1169 3449 libri
1211 3391 1355 3450 346.
1409 3421 1494 3431 —
1550 3391 1803 3447 molimus
1846 3392 1993 3448 idem
2039 3389 2188 3459 1393
2249 3389 2446 3447 olimur
2509 3410 2582 3448 m.
2633 3394 2663 3449 1

369 3479 417 3536 L
451 3479 482 3534 1
535 3475 679 3549 346,
725 3494 840 3534 non
883 3478 940 3533 B
983 3484 1038 3533 el
1070 3479 1138 3535 G.
1196 3517 1201 3521 Δ
1270 3476 1343 3532 26
1387 3475 1537 3532 calda
1581 3477 1798 3533 simeitu
1838 3475 1917 3546 M,
1965 3474 2311 3533 caldaisseme
2354 3483 2489 3534 mut.
2524 3495 2595 3534 m.
2630 3477 2666 3533 2

367 3600 431 3653 in
475 3595 774 3653 caldissime
817 3595 865 3652 L
897 3597 953 3666 1,
1001 3554 1344 3653 cal]‘i³dissime
1392 3584 1466 3652 GL
1560 3593 1639 3650 27
1685 3594 1843 3668 plena
1891 3589 1992 3667 (ita
2024 3588 2097 3669 v.)
2144 3594 2192 3649 ei
2231 3610 2355 3650 vasa
2388 3595 2668 3653 clerorum

372 3682 437 3738 M
483 3677 626 3754 (vasa
674 3680 949 3738 clerorum
991 3685 1107 3738 iam
1150 3681 1256 3738 Ad.
1299 3680 1578 3752 Kochiu8‚
1626 3682 1715 3737 vir
1758 3680 2138 3751 doctissimus,
2184 3694 2383 3736 exerc.
2431 3685 2560 3738 crit.
2607 3685 2669 3738 in

366 3770 553 3838 prisc.
592 3773 751 3838 poet.
793 3768 898 3823 lat.
939 3784 1037 3841 pq.
1092 3764 1210 3840 15),
1255 3764 1434 3840 plenai
1477 3762 1773 3821 iasolorum
1805 3763 1872 3841 G,
1913 3764 1961 3819 L
1994 3764 2048 3820 1.
2170 3763 2249 3823 28
2295 3765 2468 3821 solem
2501 3767 2665 3841 Gen.‚

370 3852 418 3907 L
451 3852 505 3907 l=.
556 3880 637 3890 —
676 3858 962 3924 satumque
1006 3852 1119 3923 Dp.
1251 3850 1333 3908 30
1376 3857 1533 3924 pacto
1580 3848 1618 3904 li
1654 3849 1851 3922 oganni
1896 3847 1965 3903 M
2004 3844 2180 3923 (pacto
2227 3852 2493 3924 oggannis
2522 3848 2663 3928 Dp),

370 3935 589 4010 pactolo
635 3937 827 4010 gannis
873 3936 935 4007 G,
985 3943 1144 4012 pacto
1175 3935 1425 4010 logannis
1457 3934 1665 3990 Bamb.
1713 3940 1767 3989 et
1809 3936 1911 4006 ita,
1958 3935 2062 3990 sed
2101 3952 2173 3991 m.
2212 3934 2245 3990 1
2292 3942 2569 3992 mutatum
2604 3939 2661 3992 in

370 4020 589 4095 pactolo
636 4020 850 4095 ganniS‚
894 4021 943 4077 L
974 4021 1030 4078 1.
1185 4020 1263 4078 31
1312 4021 1498 4076 tristes
1543 4018 1770 4089 Iunius,
1820 4016 1991 4075 tflistis
2037 4020 2164 4076 cdd.
2340 4019 2419 4077 32
2465 4019 2660 4076 callum

373 4106 600 4174 Bamb.,
647 4106 695 4161 L
726 4102 783 4160 2.
829 4135 913 4145 —
959 4122 1020 4163 ec
1066 4105 1364 4162 suruacibu’
1411 4104 1495 4174 M,
1541 4112 1595 4160 et
1642 4103 1942 4160 surnaoium
1988 4106 2113 4161 cdd.
2155 4110 2403 4176 praeter
2431 4105 2657 4175 Bamb.‚

371 4243 419 4300 L
449 4240 485 4298 2
532 4246 593 4298 in
639 4243 790 4316 quib.
837 4249 923 4299 est
967 4242 1281 4302 fut-natium.
1413 4226 1504 4298 '33
1549 4202 1737 4318 cing‘itu
1784 4242 1847 4298 G.
1890 4247 1957 4281 ‘—
2000 4241 2174 4298 rarius
2204 4241 2253 4297 L
2284 4239 2340 4296 2.
2391 4269 2467 4280 -—
2514 4240 2659 4297 veles

374 4345 554 4403 marq.
579 4327 736 4399 Iun„
767 4326 902 4385 velis
932 4329 1081 4401 cdd,
1103 4326 1260 4385 velox
1293 4327 1416 4384 edd.
1443 4331 1579 4383 ante
1601 4325 1935 4384 Mer-cerum
1951 4351 1966 4382 .·
1997 4343 2068 4384 ea
2096 4328 2268 4384 lectio
2290 4332 2420 4384 orta
2443 4341 2473 4383 e
2497 4344 2545 4384 v.
2569 4342 2654 4400 sq.
