3267 5075
1387 352 1606 408 LIBER
1643 353 1815 408 XXX.
2620 355 2744 418 119

1421 514 1516 578 XI
1564 513 1698 602 [62]
1731 537 1775 601 g

632 633 699 692 et
744 629 978 693 virtute
1022 632 1170 693 tuae
1216 634 1282 693 et
1325 632 1489 701 caris
1535 631 1886 697 conducere
1933 632 2188 697 chartis.

1402 745 1530 809 XII
1579 743 1714 833 [33]
1745 746 1790 810 h

630 862 1001 926 summatim
1046 864 1267 925 tamen
1312 862 1600 945 experiar
1645 862 1993 926 rescribere
2037 864 2274 946 paucis.

1392 974 1551 1040 XIII
1601 974 1736 1063 [59]
1769 978 1790 1041 i

475 1093 575 1157 15
626 1093 766 1157 heis
811 1095 876 1155 te
922 1093 1212 1157 versibus
1258 1092 1503 1156 interea
1547 1090 1871 1156 contentu'
1917 1095 2152 1157 teneto.

593 1207 608 1217 ⁶
1389 1206 1546 1271 XIV
1597 1203 1732 1293 [37]
1764 1230 1803 1270 a

627 1325 793 1388 sicut
836 1326 927 1406 te,
974 1344 1162 1406 quem
1210 1344 1449 1407 aequae
1495 1323 1770 1407 speciem
1817 1323 1986 1386 vitae
2033 1344 2170 1387 esse
2215 1326 2536 1406 putamus,

1401 1436 1526 1503 XV
1572 1434 1706 1524 [47]
1738 1439 1779 1501 b

626 1553 839 1637 gratia
883 1530 1158 1617 habetur
1203 1554 1516 1637 utrisque,
1561 1553 1815 1637 illisque
1861 1553 2105 1637 tibique
2152 1554 2423 1618 simeitu.

1388 1667 1543 1732 XVI
1595 1665 1729 1754 [96]
1762 1691 1796 1733 c

624 1783 920 1867 quodque
967 1783 1125 1848 adeo
1169 1784 1426 1868 fuerint,
1474 1784 1582 1868 qui
1627 1787 1693 1847 te
1738 1787 2010 1848 temsere
2056 1785 2367 1868 superbei.

1369 1898 1556 1964 XVII
1604 1896 1738 1985 [51]
1771 1922 1810 1962 a

622 2014 773 2099 quid
820 2015 997 2099 dare,
1044 2015 1195 2100 quid
1242 2015 1481 2098 sumpti
1528 2015 1735 2079 facere
1783 2037 1856 2079 ac
1902 2016 2205 2098 praebere
2251 2018 2550 2098 potesset.

1346 2129 1565 2195 XVIII
1615 2126 1752 2215 [20]
1782 2130 1824 2193 b

458 2250 565 2313 20
619 2245 772 2330 quid
817 2249 1058 2328 verost,
1103 2247 1359 2309 centum
1406 2268 1480 2310 ac
1527 2245 1871 2310 ducentum
1915 2245 2246 2335 possideas
2294 2247 2349 2310 si

616 2361 821 2444 miha,
878 2409 1282 2429 ccccccc
1277 2382 1294 2395 ²
1307 2410 1716 2430 υυυυυυυ
1806 2398 1812 2405 ·

395 2614 519 2664 lib.
561 2610 741 2659 XXX.
879 2610 956 2659 XI
1019 2612 1155 2659 Non.
1192 2611 1310 2671 274,
1349 2613 1415 2659 20
1453 2609 1818 2660 conducere
1857 2611 2147 2660 convenire
2183 2610 2285 2674 (ita
2309 2612 2373 2672 B,
2402 2610 2562 2671 Gen„
2600 2613 2646 2661 L
2676 2616 2724 2676 1,

397 2683 835 2731 convertere
873 2676 960 2741 G).
1098 2677 1204 2725 XII
1263 2676 1399 2727 Non.
1436 2679 1554 2738 296,
1589 2679 1621 2725 2
1667 2678 1965 2742 experiri
2011 2681 2291 2741 temptare.
2360 2679 2724 2741 Vergilius—

395 2747 726 2800 Terentius
770 2773 829 2780 —
866 2744 1176 2795 Lucilius
1213 2744 1305 2794 lib.
1341 2743 1512 2794 XXX.
1709 2745 1845 2794 ΧΙΙΙ
1903 2746 2041 2799 Non.
2079 2747 2196 2806 263,
2234 2748 2299 2796 32
2356 2753 2722 2799 contentus

396 2816 651 2876 dicitur,
689 2814 778 2863 cui
815 2829 900 2862 res
938 2813 1103 2862 etiam
1139 2828 1307 2877 parva
1341 2811 1555 2861 abunde
1588 2816 1692 2864 est.
1762 2812 2037 2876 Vergilius
2074 2841 2135 2848 —-
2172 2813 2459 2863 Terentius
2493 2841 2558 2849 —
2593 2815 2722 2865 Lu-

402 2883 639 2935 cilius
675 2880 769 2932 lib.
810 2880 980 2930 XXX.
1087 2879 1216 2930 XlV
1274 2879 1412 2932 Non.
1444 2882 1554 2940 173,
1581 2883 1644 2929 21
1685 2880 1973 2944 speciem
2013 2881 2279 2944 specimen
2317 2881 2400 2929 vel
2437 2881 2722 2944 exemplar.

399 2949 749 3002 Lucilius
787 2947 882 3001 lib.
919 2947 1092 2997 XXX.
1290 2947 1390 2994 XV
1448 2948 1588 3000 Non.
1628 2950 1742 3008 175,
1782 2951 1845 2997 15
1891 2948 2121 2997 simitu
2158 2947 2338 2998 simul.
2411 2950 2720 3001 Lucilius

398 3020 515 3069 lib.
566 3015 745 3066 XXX.
960 3015 1088 3064 XVI
1146 3015 1283 3064 Non.
1336 3017 1457 3076 180,
1502 3017 1532 3063 2
1587 3019 1905 3078 temnere,
1953 3022 2314 3065 contemnere.
2419 3016 2721 3068 Lucilius

400 3088 518 3136 lib.
560 3083 739 3134 XXX.
847 3082 1002 3132 XVII
1061 3085 1343 3142 Non.·484‚
1367 3083 1433 3131 26
1470 3084 1715 3145 sumpti
1751 3099 1846 3146 pro
1884 3089 2148 3148 sumptus.
2218 3083 2448 3133 Plautus
2485 3112 2550 3119 —
2584 3085 2720 3135 Tur-

401 3154 597 3220 pilius
635 3178 698 3187 ·-
737 3151 1045 3201 Lucilius
1083 3149 1175 3200 lib.
1216 3149 1387 3200 XXX.
1491 3149 1680 3200 XVIII
1739 3152 1873 3200 Non.
1911 3154 2028 3213 493,
2054 3154 2114 3201 31
2156 3167 2197 3202 s.
2236 3169 2283 3201 v.
2324 3158 2716 3203 sescentum.

604 3420 681 3476 13
726 3436 756 3474 e
801 3420 998 3472 virtute
1047 3418 1116 3472 B.
1178 3448 1253 3455 —
1317 3425 1439 3472 tuae
1483 3418 1574 3488 M,
1634 3425 1724 3472 tua
1772 3437 1822 3474 v.
1876 3448 1951 3456 —
1999 3419 2135 3471 curis
2181 3418 2272 3486 M,
2331 3417 2487 3473 claris
2534 3438 2583 3475 v.
2636 3451 2711 3459 —

405 3507 589 3563 cartis
625 3504 699 3575 B,
730 3503 931 3558 carthis
962 3503 1007 3556 L
1042 3502 1095 3557 1.
1217 3501 1294 3556 14
1334 3503 1607 3574 experiare
1638 3501 1873 3557 scribere
1902 3504 1972 3573 Β,
2013 3504 2172 3570 Gen„
2206 3502 2450 3574 experire
2480 3503 2716 3574 scribere

407 3593 464 3647 L
503 3592 559 3644 1.
704 3587 777 3643 15
826 3587 1264 3650 hisGulielmuS,
1312 3595 1366 3641 et
1394 3589 1439 3641 is
1471 3588 1596 3642 cdd.
1735 3587 1810 3643 16
1857 3588 1995 3641 sicut
2026 3586 2218 3640 Lehm.
2262 3603 2311 3641 c.
2361 3587 2536 3644 Lucr.
2574 3589 2714 3659 106,

407 3676 585 3731 sicuti
633 3675 759 3728 cdd.
813 3702 888 3710 —-
934 3687 1095 3744 quem
1138 3688 1339 3744 aequae
1383 3702 1465 3710 ——
1510 3689 1629 3726 csse
1673 3680 1923 3744 putamus
1969 3671 2095 3742 Dp,
2148 3672 2282 3727 libri
2334 3673 2425 3744 qui
2472 3689 2531 3727 ea
2577 3690 2714 3747 quae

407 3790 510 3800 -—
555 3765 808 3830 putamus
864 3772 1001 3811 csse.
1068 3786 1153 3794 -—
1210 3749 1470 3827 fortasse
1527 3764 1580 3810 te
1639 3772 1798 3828 quem
1855 3771 2059 3828 aequae
2113 3756 2344 3830 speciem
2399 3758 2537 3812 vitae
2594 3775 2715 3814 esse

412 3842 671 3917 putamu’
718 3842 910 3896 secuti.
1049 3840 1123 3895 17
1171 3839 1388 3913 illisque
1436 3839 1640 3912 tibique
1683 3839 1834 3909 Iun„
1883 3839 2127 3912 illisquae
2172 3838 2412 3913 sibiquae
2458 3844 2586 3898 cdd.
2635 3871 2716 3882 —

405 3927 646 3983 simeitu
692 3925 773 3992 Μ,
820 3926 1036 3993 simeln,
1082 3926 1096 3979 i
1145 3939 1222 3981 ex
1266 3932 1296 3980 e
1334 3926 1502 3997 facto
1547 3942 1617 3979 m.
1669 3923 1705 3978 2
1751 3925 1799 3979 L
1846 3923 1900 3998 1,
1942 3924 2125 3979 simitu
2173 3925 2236 3981 G.
2428 3926 2505 3981 18
2552 3933 2712 4000 quot-

407 4028 532 4086 que
582 4009 740 4065 Scal.
790 4039 859 4048 -
905 4009 1166 4081 fortasse
1212 4010 1447 4064 suerunt.
1494 4039 1576 4048 —
1623 4017 1678 4063 te
1721 4016 1990 4081 tempsere
2035 4008 2255 4082 superbi
2298 4011 2421 4082 Dp,
2469 4019 2713 4065 temnere

406 4092 722 4167 superbum
770 4095 917 4165 cdd„
962 4099 1024 4149 ut
1068 4101 1254 4150 tamen
1300 4095 1358 4150 in
1402 4095 1450 4149 L
1495 4094 1525 4148 1
1577 4110 1611 4147 n
1653 4100 1858 4164 postea
1903 4096 1977 4157 sit
2022 4096 2291 4151 additum.
2426 4093 2502 4149 19
2549 4095 2711 4148 sumti

403 4181 468 4238 L
522 4178 578 4234 1.
636 4207 702 4215 -
755 4177 851 4233 hac
894 4179 1152 4250 praehere
1196 4179 1243 4234 L
1275 4178 1331 4234 2.
1377 4210 1459 4219 --
1506 4185 1752 4250 potesset
1780 4178 1865 4250 M,
1911 4178 2129 4250 potissit
2171 4179 2257 4249 D,
2302 4179 2536 4250 petisset
2580 4179 2707 4233 cdd.

557 4261 641 4317 20
685 4278 764 4331 ac,
803 4262 1061 4334 fortasse
1091 4272 1209 4327 auu
1256 4271 1417 4336 atque
1453 4263 1892 4318 Boutermelcius
1921 4268 2142 4334 quaest.
2177 4262 2357 4317 Lucil.
2395 4260 2491 4317 10.
2536 4291 2619 4300 —-
2663 4262 2710 4319 si

406 4366 539 4407 om.
573 4347 770 4417 Harl„
815 4347 859 4402 L
905 4348 962 4420 1,
1007 4348 1054 4402 L
1100 4346 1158 4420 2,
1205 4348 1408 4405 Bamb.
1582 4346 1659 4402 21
1710 4346 1851 4403 milia
1896 4347 1978 4418 Μ,
2024 4346 2225 4400 milium
2271 4363 2324 4404 v.
