3267 5075
1234 1048 1327 1131 L.
1403 1046 1694 1131 AOOI

951 1244 1645 1318 DIDASCALIGON
1700 1243 1978 1316 LIBRI.

1285 1527 1551 1629 Lfflnss
1592 1526 1643 1592 1.

1453 1706 1487 1770 Ι

496 1831 660 1897 Gell.
713 1855 777 1897 n.
836 1831 915 1897 A.
969 1829 1091 1916 III,
1143 1832 1252 1914 11,
1304 1832 1368 1895 1:
1434 1831 1543 1894 alii
1596 1829 1953 1896 Homerum
2007 1853 2201 1916 quam
2255 1829 2610 1897 Hesiodum

321 1941 630 2013 maiorem
685 1951 845 2011 natu
890 1948 1088 2011 fuisse
1137 1946 1532 2030 scripserunt
1576 1985 1661 1992 ——
1711 1947 1821 2011 alii
1864 1948 2196 2032 minorem,
2241 1949 2312 2012 in
2357 1948 2500 2033 quis
2540 1947 2611 2013 L.

320 2064 553 2129 Accius
589 2067 801 2147 poeta.
841 2100 924 2109 —
963 2062 1045 2126 id.
1081 2062 1166 2126 ib.
1204 2061 1248 2126 4
1277 2084 1370 2151 sq.
1442 2061 1678 2126 Accius
1717 2066 1933 2127 autem
1969 2063 2037 2126 in
2074 2064 2282 2146 primo
2324 2063 2610 2128 didasca-

319 2181 488 2245 licon
536 2177 705 2264 (cdd.
743 2176 1250 2263 didascalico)
1287 2179 1535 2243 levibus
1574 2177 1920 2242 admodum
1959 2180 2354 2264 argumentis
2392 2181 2612 2264 ulitur,

319 2319 432 2380 per
477 2317 642 2381 quae
691 2293 942 2359 ostendi
985 2296 1189 2378 putat,
1230 2293 1586 2359 Hesiodum
1621 2297 1782 2358 natu
1817 2294 2121 2378 priorem:
2168 2295 2338 2379 quod
2375 2295 2611 2360 Home-

320 2436 453 2496 rus,
509 2411 746 2496 inquit,
803 2432 947 2473 cum
1001 2411 1072 2473 in
1124 2410 1440 2494 principio
1498 2410 1800 2474 carminis
1848 2409 2168 2474 Achillem
2213 2432 2352 2474 esse
2406 2411 2611 2474 filium

319 2527 490 2592 Pelei
538 2527 804 2610 diceret,
851 2526 993 2611 quis
1042 2529 1211 2590 esset
1254 2525 1502 2610 Peleus,
1546 2548 1682 2590 non
1728 2524 1997 2611 addidit3
2046 2549 2241 2611 quam
2286 2549 2421 2591 rem
2467 2550 2612 2611 pro-

320 2644 437 2727 cul,
475 2643 705 2728 inquit,
752 2641 945 2706 dubio
983 2642 1264 2725 dixisset,
1299 2642 1427 2705 nisi
1466 2642 1546 2705 ab
1584 2641 1868 2705 Hesiodo
1907 2641 2036 2704 iam
2074 2641 2316 2706 dictum
2353 2643 2612 2707 videret.

320 2759 394 2824 de
434 2757 712 2842 Cyclope
747 2757 988 2841 itidem,
1027 2757 1253 2841 inquit,
1289 2758 1390 2822 vel
1426 2757 1721 2841 maxime,
1759 2757 1929 2841 quod
1958 2758 2268 2821 unoculus
2297 2757 2438 2841 fuit,
2477 2780 2612 2821 rem

317 2879 452 2938 tam
489 2874 814 2959 insignem
850 2895 983 2937 non
1019 2873 1445 2957 praeterisset,
1490 2873 1618 2936 nisi
1656 2894 1855 2956 aeque
1895 2872 2126 2956 prioris
2163 2872 2430 2937 Hesiodi
2476 2896 2612 2937 car-

320 2990 603 3053 minibus
648 2989 1050 3073 invulgatum
1098 2992 1282 3053 esset.

1430 3103 1496 3167 H

498 3243 655 3285 num
694 3221 847 3305 ergo
887 3219 1102 3304 aquila
1141 3220 1234 3283 ita
1269 3222 1342 3282 ut
1374 3217 1517 3284 hice
1553 3221 1929 3304 praedicant
1964 3217 2299 3286 sciciderat
2342 3222 2611 3305 pectus?

1418 3325 1517 3398 III

497 3452 754 3536 placare
799 3452 1076 3516 ferocem
1119 3451 1374 3515 hostem
1419 3448 1889 3537 inimiciterque
1936 3453 2295 3516 accensum.

457 3683 514 3735 11
573 3680 710 3734 Gell.
748 3700 802 3733 n.
840 3682 953 3736 Att.
991 3681 1086 3745 VI,
1112 3686 1161 3746 9,
1189 3686 1251 3733 16
1289 3683 1351 3733 L.
1389 3683 1630 3735 Accius
1666 3685 1723 3734 in
1761 3682 2139 3734 Sotadicorum
2175 3685 2312 3735 libro
2352 3682 2379 3734 1
2418 3686 2612 3736 scici·
2685 3686 2711 3699 ⁴

322 3753 510 3803 derat
543 3752 692 3801 dicit.
762 3752 928 3802 verba
963 3753 1100 3801 haec
1135 3758 1280 3802 sunt.
1319 3778 1379 3787 —
1418 3752 1735 3803 Priscianus
1771 3752 1871 3802 890
1907 3751 2163 3802 Afranius
2202 3767 2350 3803 more
2385 3756 2612 3821 antiquo

322 3821 459 3871 dixit
483 3820 778 3871 scicidistis
805 3846 870 3856 —
896 3819 1093 3870 Accius
1121 3819 1502 3870 Sotadicorum
1527 3822 1570 3871 Ι.
1678 3820 1762 3870 111
1807 3819 1946 3885 Non.
1973 3822 2090 3885 514,
2118 3822 2181 3870 21
2220 3821 2609 3875 inimiciter.

497 4056 526 4109 l
577 4071 706 4109 num
753 4054 921 4109 Gellii
959 4055 1049 4110 cd.
1096 4057 1321 4127 reyiuS,
1378 4070 1486 4108 non
1533 4055 1638 4110 rel.
1684 4054 1856 4110 huius
1901 4060 1956 4111 et
2000 4053 2294 4112 Prisciani
2332 4057 2484 4114 libri.
2530 4087 2611 4099 --·

327 4140 440 4195 hice
485 4140 582 4211 M,
635 4140 689 4194 hi
738 4139 917 4210 Geli„
975 4156 1081 4195 om.
1136 4139 1325 4195 Prisc.
1388 4168 1422 4178 -
1447 4168 1462 4179 ·
1520 4132 1932 4196 Lachmannus
1984 4143 2065 4194 ita
2123 4154 2348 4197 versum
2404 4146 2613 4199 eonsti-

325 4228 449 4297 iuit,
495 4242 554 4279 n.
599 4241 648 4280 e.
693 4240 741 4278 a.
789 4225 822 4279 i.
871 4240 924 4278 u.
972 4223 1026 4279 hi
1072 4222 1402 4296 praedIcant‚
1448 4223 1731 4279 sciciderat
1776 4241 1836 4279 ea
1880 4225 1972 4297 p.?
2130 4223 2166 4279 2
2214 4225 2427 4297 placere
2472 4227 2519 4282 L
2554 4229 2608 4283 1.

333 4342 402 4350 —
448 4309 692 4365 ferocem
739 4308 948 4363 hostem
995 4308 1188 4364 Lehm.
1242 4312 1303 4364 in
1343 4326 1407 4380 pr
1438 4324 1601 4367 wem.
1645 4312 1778 4365 lect.
1823 4310 1937 4365 kib.
1984 4311 2153 4366 acad.
2200 4309 2396 4366 Berol.
2449 4310 2609 4371 1849

317 4413 411 4468 pq.
461 4393 523 4467 5,
569 4393 787 4449 hostem
832 4392 1065 4449 ferocem
1112 4395 1236 4449 cdd.
