3267 5075
537 349 669 416 250
1459 349 1677 406 LIBER
1713 350 1908 407 XXVI.

706 519 828 577 48.·
868 518 999 576 haec
1027 517 1092 574 ad
1124 534 1405 592 quemnam
1440 520 1743 591 pertineant
1772 535 1882 577 non
1914 519 2046 576 satis
2076 526 2375 594 comparet.
2452 519 2630 593 possis
2674 521 2825 593 cogi-

537 613 652 660 tare
695 604 764 660 de
806 604 989 661 Cassio
1036 602 1255 659 llemina
1301 602 1383 659 vel
1426 602 1485 658 1..
1530 602 1819 677 Calpurnio
1865 603 2058 660 Pisone
2102 602 2269 678 Frugi
2315 605 2408 677 qui
2453 611 2585 678 post
2625 621 2826 661 anuum

535 705 591 745 n.
638 706 688 746 c.
733 689 860 748 600
904 688 1181 745 historiam
1225 687 1516 745 Romanam
1559 686 1624 744 ab
1668 689 2052 762 antiquissimis
2094 688 2221 745 inde
2267 688 2607 762 temporibus
2653 705 2827 761 usque

535 774 601 830 ad
621 774 987 831 recentissima
1010 770 1287 829 annualibus
1316 780 1448 829 sunt
1475 773 1768 846 persecuti.
1821 772 2047 829 videnda
2078 790 2216 847 quae
2245 772 2378 847 (111111.
2406 771 2475 830 de
2505 773 2582 829 eis
2613 773 2826 831 'l'eull'e-

534 860 638 916 lius
682 858 738 915 h.
785 858 824 916 l.
871 857 930 914 L.
979 858 1120 928 173,
1152 856 1210 913 4.
1270 886 1348 898 -
1405 864 1649 915 ceterum
1703 858 1982 915 historiam
2036 856 2228 915 Latino
2283 874 2534 917 sermone
2589 866 2715 914 aute
2761 856 2823 914 L.

536 943 872 1001 Voltacilium
916 944 1008 1017 qui
1053 943 1153 999 luit
1199 950 1517 1017 praeceptor
1558 942 1801 1016 Pompeii
1843 958 1955 998 non
1998 944 2101 999 uisi
2145 942 2210 999 ab
2253 942 2640 1001 honestissimo
2686 959 2826 1017 quo·

533 1045 640 1102 que
683 1027 843 1085 scribi
888 1028 1104 1085 solitam
1148 1033 1356 1083 notum.
1402 1057 1488 1068 —
1530 1029 1801 1084 inductus
1842 1028 2060 1092 studim
2101 1036 2339 1102 nugatur
2382 1027 2606 1085 Nonius

700 1111 801 1169 49.
878 1113 1057 1170 sudor
1099 1127 1161 1168 se
1189 1140 1271 1152 -
1301 1113 1568 1184 expirem
1622 1113 1696 1167 ita
1752 1111 1934 1167 addito
1990 1113 2310 1185 pronomine
2354 1112 2613 1171 dixerunt
2653 1112 2823 1169 Varro

532 1200 877 1270 irrumpere,
922 1197 1115 1253 Accius
1160 1211 1487 1267 erumpere,
1532 1197 1766 1252 Avienus
1809 1199 2139 1269 inspirare,
2183 1195 2418 1253 Licinius
2466 1196 2640 1255 Macer
2685 1214 2823 1257 eon-

534 1284 768 1339 tendere
782 1306 799 1345 ,-
843 1281 911 1338 cl'.
958 1280 1011 1337 d.
1056 1298 1105 1338 r.
1152 1298 1222 1336 m.
1265 1279 1410 1338 438.

703 1365 802 1424 50.
879 1382 1057 1422 sermo
1112 1374 1198 1422 est
1253 1365 1319 1422 (le
1362 1365 1569 1422 infante
1623 1366 1718 1438 qui
1761 1365 1890 1438 quid
1951 1375 2076 1440 agat
2120 1367 2311 1426 nescit.
2367 1396 2451 1407 --
2508 1370 2675 1425 elevit
2717 1384 2825 1448 pro

533 1454 732 1515 elovil,·
786 1451 927 1507 sicut
969 1451 1150 1506 statim
1195 1449 1334 1525 apud
1381 1450 1610 1505 eundem
1655 1448 1884 1506 Nonium
1930 1449 2092 1506 habes
2138 1454 2370 1509 eleviem
2412 1467 2513 1525 pro
2566 1453 2825 1509 eluviem.

531 1537 602 1591 ita
645 1534 770 1592 alibi
810 1538 1030 1609 qemiae
1074 1551 1173 1609 pro
1215 1539 1455 1609 yomiae.
1499 1563 1586 1577 -
1630 1536 1799 1595 elevit
1826 1551 1927 1608 pro
1959 1537 2148 1605 eluvie,
2197 1536 2407 1593 elovies
2449 1551 2549 1611 pro
2583 1539 2820 1607 eluvies,

528 1620 654 1695 lege
699 1621 1030 1695 euphoniae,
1079 1629 1138 1675 ut
1179 1620 1379 1691 holus,
1422 1623 1656 1694 quoius,
1703 1623 1839 1692 quoi
1879 1637 1979 1694 pro
2022 1621 2223 1690 limus,
2272 1623 2473 1692 cuius,
2519 1623 2646 1685 σαῖς
2695 1622 2827 1695 fovi

530 1722 630 1779 pro
668 1706 818 1778 favi,
859 1707 1104 1778 flovidus
1147 1721 1247 1779 pro
1289 1706 1554 1777 fluvidus,
1600 1720 1767 1762 sovos
1810 1720 1911 1776 pro
1956 1720 2118 1775 suus,
2164 1707 2408 1762 clovaca
2451 1721 2556 1778 pro
2600 1709 2819 1764 cluaea

529 1791 633 1861 al.,
679 1790 854 1864 qualia
899 1789 1063 1846 habes
1107 1790 1269 1847 inser.
1313 1788 1431 1846 Lat.
1473 1788 1517 1862 1,
1551 1787 1672 1846 608
1731 1798 1787 1845 et
1830 1788 2099 1846 Corssenii
2155 1788 2278 1846 libri
2321 1789 2363 1862 l,
2408 1788 2555 1862 669,
2589 1790 2689 1848 70.
2739 1821 2821 1831 -

529 1877 701 1933 eluvil
744 1875 909 1949 longa
952 1873 1186 1931 secunda
1229 1883 1291 1931 ut
1334 1874 1473 1948 apud
1517 1872 1746 1929 Ennium
1791 1875 2022 1938 adnui13
2077 1875 2150 1931 ita
2195 1875 2365 1949 prima
2419 1873 2690 1948 producta
2730 1875 2826 1931 hic

523 1960 761 2033 fuimus,
802 1959 1048 2032 fuisset,
1104 1958 1387 2016 Lueretius
1427 1960 1647 2032 fluidus
1684 1960 1899 2031 fluida,-
1952 1959 2022 2016 cf.
2069 1958 2124 2014 d.
2169 1976 2213 2014 r.
2261 1975 2333 2014 111.
2384 1957 2527 2017 246.
2584 1988 2669 1999 ——
2726 1961 2824 2034 qui

528 2046 717 2100 statuit
760 2061 862 2117 pro
913 2046 1081 2101 elevit
1123 2043 1429 2117 ponendum
1474 2044 1679 2114 illevit,
1741 2042 1982 2099 vocabuli
2037 2043 2183 2119 quod
2241 2051 2327 2100 est
2383 2046 2599 2101 eluvies
2654 2045 2824 2101 ratio-

529 2145 650 2184 nem
693 2145 805 2184 non
850 2127 1053 2184 habuit.

698 2211 799 2269 52.
876 2213 1061 2285 Syrus
1115 2213 1168 2268 h.
1216 2229 1266 2269 e.
1326 2213 1490 2268 homo
1537 2228 1802 2285 nequam,
1861 2222 1922 2268 ut
1978 2211 2100 2269 alibi
2157 2214 2353 2287 Lydus
2412 2212 2559 2269 velut
2613 2215 2670 2269 iu
2719 2211 2821 2269 illo

527 2297 738 2354 Caecilii
786 2291 925 2373 [56]
971 2299 1127 2354 hunc
1172 2300 1376 2355 collum
1407 2298 1568 2355 Ludo
1602 2300 1882 2371 praecidi
1905 2299 2054 2355 iube.
2128 2298 2202 2352 ita
2231 2296 2480 2371 Phryges
2509 2304 2565 2353 et
2595 2297 2822 2373 Paphla-

528 2399 700 2456 gones
747 2380 845 2456 p‘ro
890 2381 1092 2438 stultis.
1154 2413 1230 2423 —
1288 2383 1368 2439 ad
1418 2399 1517 2456 pro
1565 2399 1639 2438 ae
1697 2384 1961 2457 scriptum
2016 2400 2044 2438 a
2101 2381 2330 2438 librariis
2388 2383 2510 2455 quia
2567 2383 2822 2456 sequitur

526 2471 839 2527 masticias.
883 2496 971 2508 —-
1013 2471 1326 2540 masticias,
1370 2484 1403 2522 e
1446 2482 1547 2542 pro
1575 2487 1633 2543 9,
1682 2475 1741 2523 ut
1786 2482 2075 2525 concerae
2118 2483 2219 2543 pro
2259 2482 2605 2542 conperrae,
2653 2484 2820 2525 muco

525 2569 627 2626 pro
670 2571 874 2627 manqo
919 2552 1128 2609 similia.
1204 2554 1275 2610 ita
1305 2552 1410 2630 41,
1442 2553 1499 2609 6.
1534 2553 1571 2609 8
1615 2556 1956 2630 sticmalias,
1988 2554 2347 2610 sticmaliam.
2424 2560 2530 2610 cet.
2564 2554 2620 2612 in
2650 2561 2819 2612 most.

525 2637 802 2694 Plautinae
845 2655 919 2707 v.,
965 2639 1064 2711 qui·
1101 2637 1210 2713 leg.
1260 2636 1340 2694 55
1370 2656 1417 2693 S.
1448 2657 1499 2695 v.
1544 2638 1777 2695 culinam
1822 2636 1943 2695 cdd.
1975 2637 2133 2696 Nonii
2176 2635 2377 2693 habent
2402 2640 2691 2736 mastigia.
2736 2667 2816 2680 —

527 2725 845 2796 versipellis
884 2725 963 2796 fio
1006 2729 1091 2786 el,·
1131 2722 1353 2780 Plautus
1383 2722 1652 2797 Amphitr.
1696 2723 1838 2795 prol.
1874 2721 1992 2779 123
2023 2725 2105 2779 ila
2150 2703 2507 2793 versipellem
2540 2738 2605 2782 se
2643 2722 2819 2794 facit,

525 2809 756 2881 quando
782 2808 958 2866 lubet.
1000 2836 1087 2850 -
1129 2815 1388 2881 quantum
1432 2807 1498 2863 ad
1540 2806 1843 2879 elisionem,
1888 2807 1959 2864 cs.
1993 2806 2047 2867 d.
2078 2823 2124 2863 r.
2156 2823 2225 2862 m.
2258 2805 2399 2865 278.
2445 2834 2528 2846 —
2573 2815 2819 2864 ceterum

524 2901 747 2966 apparet
791 2909 898 2948 non
944 2891 1012 2948 de
1053 2900 1227 2949 semet
1268 2893 1387 2967 ipso
1432 2892 1609 2950 dicere
1657 2892 1788 2948 baec
1830 2891 2110 2950 Lucilium.

695 2993 796 3050 54.
873 2995 1095 3066 capital
1132 2996 1210 3050 ita
1252 2992 1441 3051 delinit
1480 2992 1680 3050 Paulus
1723 2993 1836 3052 48:
1884 2994 2128 3066 facinus
2170 2996 2325 3067 quod
2365 2996 2581 3066 capitis
2619 3010 2817 3067 poena

522 3082 720 3136 luitur.
764 3108 849 3118 —-
890 3086 1132 3135 ceterum
1175 3077 1363 3136 similis
1406 3079 1674 3135 sententia
1717 3095 1802 3153 ap.
1851 3078 2083 3136 Macrob.
2129 3077 2195 3149 ll,
2225 3077 2288 3150 4,
2319 3078 2430 3134 21:
2477 3078 2816 3153 temporibus

526 3162 945 3250 triumviralibus
968 3161 1164 3235 Pollio,
1195 3180 1316 3220 cum
1348 3163 1691 3220 fescenninos
1720 3164 1775 3219 in
1807 3180 1929 3221 eum
1961 3165 2239 3237 Augustus
2270 3164 2603 3236 scripsisset,
2632 3164 2707 3219 ait
2733 3161 2819 3220 ‘at

524 3254 630 3323 ego
676 3257 859 3318 taceo;
903 3265 1014 3308 non
1061 3255 1146 3303 est
1188 3249 1329 3304 enim
1372 3247 1614 3304 facilem
1655 3264 1780 3304 eum
1821 3247 2056 3304 scribere
2087 3249 2180 3322 qul
2211 3255 2395 3322 potest
2425 3246 2814 3323 proscribere?

693 3333 792 3391 55.
863 3336 1136 3407 mysteria
1182 3333 1447 3406 ecferres
1484 3333 1692 3406 foras3
1734 3332 1857 3389 Ter.
1899 3332 2118 3388 Phorm.
2164 3331 2225 3404 V,
2258 3332 2319 3404 8,
2353 3330 2439 3389 65
2479 3334 2638 3390 vades
2671 3349 2815 3406 pec-

524 3426 716 3477 catum
762 3426 918 3475 tuum
959 3419 1070 3476 hoe
1113 3434 1239 3477 esse
1282 3419 1493 3477 elatum
1529 3418 1724 3491 foras.

692 3502 793 3561 56.
866 3505 1216 3562 ceruiculum
1259 3501 1485 3574 (norunt
1524 3502 1579 3559 id
1609 3500 1928 3559 vocabulum
1970 3501 2156 3576 glosae
2195 3499 2445 3573 Labbaei)
2489 3502 2545 3557 h.
2592 3500 2631 3559 l.
2664 3502 2812 3576 quod

523 3587 650 3643 alias
695 3590 1113 3645 incerniculum
1156 3583 1354 3660 τηλία,
1400 3603 1584 3643 mensa
1628 3588 1682 3642 in
1731 3603 1836 3661 qua
1878 3586 2075 3643 farinas
2120 3595 2177 3642 et
2219 3585 2273 3642 id
2318 3602 2492 3659 genus
2536 3585 2640 3643 alia
2683 3603 2812 3643 ven·

521 3672 677 3728 dunt.
731 3703 805 3714 -
861 3681 1102 3729 ceterum
1145 3674 1331 3729 vitium
1376 3670 1805 3730 membranarum
1848 3688 1914 3729 eo
1974 3678 2154 3730 ortum
2197 3687 2319 3730 esse
2361 3679 2621 3745 apparet,
2666 3670 2813 3747 quod

521 3826 819 3901 antiquitus
866 3834 1013 3881 esset
1057 3824 1308 3883 traditum
1350 3778 1844 3897 luewalerem,
1890 3842 2013 3882 cum
2057 3824 2282 3882 deberet
2326 3840 2448 3881 esse
2490 3827 2680 3884 lucem
2722 3828 2812 3882 la-

545 3934 698 3964 ernam

522 3989 719 4041 terem.
808 3979 1031 4054 vestigia
1089 3981 1199 4036 veri
1256 3988 1471 4052 praeter
1517 3980 1726 4037 Dousae
1778 3977 2019 4036 codicem
2074 3978 2464 4052 interpolatum
2519 3985 2808 4035 servarunt

520 4064 794 4123 Leidensis
839 4064 1043 4139 primus
1087 4080 1208 4122 cum
1252 4063 1653 4141 Bambergensi.

689 4175 789 4234 57.
863 4174 930 4232 de
972 4173 1248 4233 infinitivis
1304 4175 1357 4232 in
1414 4189 1615 4232 assere
1669 4173 1989 4232 exeuntibus
2034 4174 2105 4231 cl'.
2154 4135 2403 4248 Madvigii
2457 4192 2550 4249 op.
2596 4174 2661 4247 ll,
2706 4174 2803 4234 71.

520 4262 676 4319 all‘en
716 4261 1076 4319 Franckenius
1120 4259 1184 4331 ll,‘
1216 4259 1296 4317 33
1351 4276 1417 4316 ex
1459 4259 1741 4318 Philoxeni
1794 4259 1966 4333 glosis
2012 4261 2171 4316 etiam
2218 4258 2355 4316 illud
2409 4261 2802 4334 abiuqassere.

519 4339 937 4419 depellassere3
993 4354 1180 4401 contra
1235 4352 1484 4419 correpta
1539 4348 1589 4416 i,
1644 4345 1696 4400 111
1752 4343 1940 4417 fallor,
1995 4343 2250 4416 xxvnll,
2297 4343 2400 4406 29.
2456 4374 2542 4388 -—
2601 4348 2803 4412 calau-
