3267 5075
697 437 931 496 [NDEX
966 440 1229 495 RERUM
1266 439 1726 495 NOTABILIUM
1766 441 1842 494 IN
1883 438 2459 495 COMMENTARIIS.
2602 425 2731 500 369

420 603 635 654 Lucilii
658 603 888 654 eruditio
913 605 1039 664 298,
1081 617 1172 653 ars
1199 603 1422 651 metrica
1444 603 1563 652 291.
1629 618 1661 652 o
1699 619 1796 668 pro
1834 618 1871 654 u
1908 606 2169 669 sequente
2205 618 2241 651 u
2275 601 2364 651 vel
2397 602 2418 650 i
2455 603 2572 651 250.

499 671 708 737 placita
730 671 799 721 ad
823 670 1273 736 orthographiam
1305 676 1364 722 et
1388 682 1562 733 gram-
1629 685 1857 722 occasus
1893 673 2007 721 201.

502 740 760 790 maticam
794 739 1103 804 spectantia
1137 738 1424 788 221-228.
1496 736 1569 787 L.

1629 737 1776 790 olere
1809 741 1926 790 236.

520 823 681 872 quam
714 812 860 858 recte
894 808 1149 857 inventor
1183 811 1407 857 saturae
1430 804 1571 854 dica
1629 806 1896 858 olerorum
1932 810 2048 858 219.

522 881 612 926 tur
654 878 774 929 295.
844 875 1096 940 frequens
1137 873 1400 925 diverbiis
1452 875 1571 923 292.
1630 874 1758 924 olim
1793 876 1852 927 in
1887 876 2293 944 comparatione
2327 877 2445 927 202.

517 958 718 1008 graeca
739 943 928 994 latinis
950 943 1184 993 miscens
1210 945 1327 993 294.
1380 941 1567 992 verbo·
1630 942 1730 992 olli
1764 937 2004 994 alienum
2040 958 2073 991 a
2107 937 2169 997 L.
2197 945 2320 1004 244·
2358 940 2426 994 cf.
2463 944 2589 1003 228,
2627 943 2747 993 229.

516 1027 637 1062 rum
660 1027 771 1061 non
791 1026 991 1077 parcus
1009 1013 1128 1061 292.
1178 1009 1322 1060 modi
1346 1008 1573 1061 tenendi
1630 1026 1836 1061 omnem
1872 1026 1983 1062 rem
2016 1012 2133 1061 256.

517 1094 705 1145 parum
775 1094 981 1146 gnarus
1049 1080 1168 1129 294.

1270 1092 1387 1128 mos
1450 1078 1569 1128 eius
1629 1106 1685 1114 —
1714 1094 1775 1128 or
1809 1095 1907 1144 pro
1933 1106 1996 1115 —
2024 1093 2087 1129 us
2124 1078 2182 1128 in
2218 1078 2603 1143 comparativis
2628 1078 2748 1128 239.

515 1146 776 1228 exemplis
801 1147 938 1197 vitia
972 1144 1196 1196 notandi
1219 1148 1339 1197 293.
1411 1160 1568 1210 aspe·
1627 1163 1689 1198 os
1725 1146 1929 1211 pugilis
1964 1149 2081 1198 281.

515 1216 653 1267 ritas
688 1217 805 1267 295.
873 1214 1099 1264 libertas
1131 1215 1248 1268 291.
1312 1213 1377 1263 L.
1403 1214 1568 1262 inter-
1625 1242 1689 1249 —
1728 1230 1789 1265 os
1825 1219 2081 1265 truncata
2117 1229 2143 1264 s
2185 1216 2301 1263 217.

513 1283 639 1333 (1ιιιιι
686 1282 833 1334 risus
877 1281 1130 1346 captandi
1173 1279 1420 1345 cupidior
1452 1283 1568 1331 293.
1624 1288 1745 1333 osti
1748 1297 1932 1332 earum
1966 1298 2119 1332 amor
2152 1281 2350 1332 nimius
2386 1284 2504 1333 223.

514 1351 659 1401 haud
711 1366 832 1400 raro
878 1349 1048 1401 altius
1101 1350 1257 1399 insur
1297 1363 1395 1399 ens

510 1420 630 1469 eius
671 1418 957 1469 urbanitas
1002 1422 1058 1467 et
1112 1416 1257 1468 subt·

1448 1351 1568 1401 292.
1624 1365 1697 1400 ou
1731 1353 1858 1413 273,
1896 1349 2014 1402 274.

1287 1417 1394 1467 'tas
1443 1418 1565 1478 191,

510 1490 625 1539 295.
683 1488 745 1538 L.
776 1486 1067 1537 sententiis
1100 1485 1400 1535 moralibus
1423 1483 1569 1534 haud
1624 1486 1999 1549 Pacideianus,
2037 1503 2149 1537 non
2181 1486 2560 1537 Placideianus
2596 1487 2713 1536 209.

510 1555 821 1621 infrequens
864 1556 983 1609 298.
1054 1552 1393 1619 popularitas
1440 1554 1567 1613 295·
1621 1556 1851 1605 Pacuvii
1886 1561 2101 1606 saturae
2137 1558 2255 1605 295.

514 1625 633 1674 296.
691 1624 807 1672 eius
830 1622 1062 1672 iambica
1083 1627 1140 1671 et
1164 1620 1442 1672 trochaica
1476 1636 1569 1685 pa-

509 1706 631 1741 rum
666 1689 955 1755 popularia
996 1689 1257 1740 Romanis
1303 1691 1422 1740 291.
1501 1688 1567 1740 L.
1623 1691 1950 1743 Palantinus
1985 1693 2106 1744 272.

1622 1623 1894 1673 Pacuvius
1929 1639 2026 1674 em.
2061 1626 2188 1684 201·
2225 1626 2339 1674 210.

514 1773 621 1825 quo
656 1760 780 1808 iure
804 1757 1020 1808 dicatur
1042 1772 1144 1807 nec
1167 1756 1250 1821 dis
1276 1770 1375 1807 nec
1399 1755 1567 1805 homi·
1623 1759 1817 1823 pallor,
1852 1759 2041 1810 sordes
2076 1760 2212 1818 269,
2249 1761 2365 1809 270.

512 1826 674 1876 nibus
710 1826 1012 1892 pepercisse
1056 1827 1169 1881 195.

445 1893 652 1943 Lucilii
686 1894 993 1944 imitatores
1016 1893 1302 1954 Horatius,
1324 1890 1566 1953 Persiu3‚

513 1961 797 2013 Iuvenalis
820 1963 920 2012 298
943 1958 1017 2013 al.
1041 1989 1105 1998 —
1128 1961 1417 2011 Lucretius
1441 1962 1568 2021 237,

513 2031 630 2081 273.
667 2062 733 2071 -
768 2030 943 2080 Varro
979 2032 1105 2089 262,
1141 2031 1261 2079 284.

439 2094 618 2157 ludus,
656 2098 966 2149 convivium
1000 2099 1116 2148 269.

441 2166 630 2231 Lupus
670 2168 786 2217 297.

441 2232 597 2285 lusus
633 2231 924 2285 verborum
958 2235 1086 2294 260,
1121 2234 1244 2293 278,
1282 2235 1398 2283 279.

445 2301 639 2362 lutum,
676 2301 835 2352 homo
869 2300 1179 2351 lutulentus
1215 2303 1333 2353 257.

441 2368 632 2430 lutum,
672 2370 949 2434 negotium
984 2371 1103 2424 261.

440 2502 650 2557 Maeuii
686 2504 936 2556 columna
971 2507 1088 2557 282.

440 2573 656 2637 malum,
690 2574 850 2625 homo
887 2572 1062 2625 malus
1103 2575 1215 2624 199.

438 2640 652 2692 Marius
685 2642 830 2693 Vict.
867 2657 967 2692 em.
1005 2643 1124 2691 225.

438 2715 660 2760 mataxa
694 2726 793 2775 pro
831 2714 1046 2760 metaxa
1081 2710 1198 2759 205.

376 2820 383 2829 .
446 2777 832 2829 mediastrinus
867 2780 985 2829 238.

30 2896 33 2899 .
94 2858 145 2869 “’
437 2861 613 2908 mena,
656 2861 767 2896 non
802 2861 999 2897 maena
1035 2847 1152 2896 242.

438 2929 578 2963 mers
612 2927 713 2978 pro
750 2929 901 2964 merx
936 2915 1054 2964 271.

437 2981 584 3031 mille
621 2982 795 3033 subst.
833 2983 953 3034 257.

438 3049 597 3100 missi
632 3065 728 3115 pro
767 3048 892 3099 misi
925 3050 1042 3099 262.

437 3132 553 3180 ιιιιι,
588 3123 707 3168 mut
740 3119 857 3168 201.

435 3184 652 3235 Mucius
685 3187 807 3246 297,
849 3185 968 3235 298.

436 3268 669 3303 murena
704 3254 822 3302 221.

437 3320 688 3384 myctiris
729 3321 848 3371 243.

437 3455 678 3507 Naevius
715 3472 814 3507 em.
852 3457 980 3517 263,
1015 3457 1130 3507 268.

436 3523 619 3574 natrix
654 3525 893 3575 obscene
928 3522 1134 3573 dictum
1169 3526 1286 3574 200.

436 3592 596 3642 navis
632 3590 920 3654 monosyll.
955 3593 1073 3642 237.

436 3675 506 3710 ne
542 3658 664 3709 adv.
701 3662 819 3711 230.

437 3742 537 3777 nec
554 3727 614 3776 in
630 3726 737 3778 fine
747 3742 938 3777 versus
948 3726 1183 3778 sotadici
1192 3727 1430 3791 positum
1440 3728 1558 3776 321.

436 3810 541 3844 nec
558 3811 669 3845 non
687 3796 927 3861 positum
945 3809 1045 3859 pro
1056 3809 1200 3845 ne—
1211 3794 1424 3858 quidem
1439 3795 1556 3844 195.

437 3865 696 3927 negativa
729 3862 927 3927 duplex
962 3878 1061 3928 pro
1102 3863 1339 3927 simplici
1374 3864 1489 3914 241.

437 3945 596 3981 nemo
629 3930 791 3981 homo
831 3933 949 3982 261.

436 4013 609 4064 neque
642 3999 702 4048 in
737 3999 902 4049 tertia
937 3997 1085 4049 thesi
1119 4001 1235 4049 227.

435 4066 496 4114 ni
530 4080 629 4132 pro
662 4081 729 4116 ne
763 4068 882 4117 263.

435 4132 531 4192 nil,
568 4148 680 4184 non
714 4132 854 4184 nihil
887 4136 1005 4185 243.

434 4216 635 4265 noenu,
671 4216 909 4252 noenum
942 4203 1060 4252 267.

437 4269 617 4319 nolito
652 4271 769 4320 272.

435 4352 545 4387 nox
582 4352 679 4402 pro
714 4338 1039 4455 noctuggcl.

62 4438 101 4479 μ
433 4420 549 4455 ιιιιιι
586 4420 684 4469 pro
721 4419 850 4455 num
993 4443 1003 4453 .

433 4478 731 4537 nuptui-um
766 4487 865 4538 pro
902 4478 1194 4537 nupturam
1230 4474 1353 4531 241,
1392 4473 1508 4521 272.

544 4555 593 4598 C.
620 4555 771 4597 Lucili
798 4560 940 4596 satur.
966 4555 1048 4595 rel.

1622 1826 1887 1891 panthera
1923 1828 2064 1876 idem
2100 1827 2245 1893 quod
2282 1825 2518 1891 pardalis
2555 1828 2671 1877 280.

1625 1911 1821 1959 panus,
1861 1910 2072 1959 pannus
2108 1896 2225 1945 226.

1624 1964 1932 2027 parectatoi
1967 1965 2084 2016 229.

1623 2031 1936 2096 pasceolus,
1974 2023 2276 2097 φάσκωλος
2310 2032 2425 2081 234.

1623 2115 1870 2164 passum,
1905 2113 2025 2163 gen.
2064 2100 2180 2149 203.
2259 2103 2268 2111 ’

1621 2168 1796 2231 patris
1820 2165 2148 2218 vocabulum
2170 2165 2396 2217 honoris
2422 2163 2749 2215 testificandi

1620 2235 2141 2364 Ρὲἳῖῗέἓῗῗὲῗ
2166 2236 2296 2364 21ξὲ
2330 2304 2448 2353 270

1621 2386 1794 2435 pausa
1838 2373 1954 2422 196.

1621 2438 1805 2503 pedes,
1841 2439 1971 2488 remi
2007 2439 2124 2490 221.

1621 2506 1794 2572 pedis,
1832 2506 2119 2572 pedicosus
2153 2506 2273 2558 264.

1621 2590 1974 2638 personarum
2021 2573 2244 2623 Horatii
2287 2573 2461 2624 maior
2503 2587 2631 2637 pets
2678 2588 2745 2623 ex

1693 2658 1760 2692 ex
1797 2644 1934 2695 Luc.
1971 2646 2251 2706 assumpta
2285 2644 2410 2704 293,
2446 2643 2563 2691 296.

1621 2725 1882 2774 personae
1920 2708 2239 2760 Lucilianae
2274 2712 2401 2770 296,
2437 2710 2557 2759 297.

1620 2779 1858 2841 pertisus
1895 2780 2013 2829 285.

1620 2843 1840 2911 petiilus
1877 2848 1992 2896 244.

1618 2914 1931 2978 pistrinum,
1951 2913 2260 2978 pristinum,
2287 2913 2605 2977 pristrinum
2625 2915 2742 2975 220,

1617 3048 1808 3100 Plauti
1842 3049 2043 3114 gemini
2075 3048 2264 3100 leones
2299 3051 2419 3099 321.

1615 3117 1856 3169 Plautus
1894 3117 2030 3180 (sive
2065 3115 2361 3179 Caecilius)
2397 3131 2498 3166 em.
2534 3118 2652 3166 244.

1616 3183 1815 3249 plebes,
1852 3187 2205 3235 convivarum
2241 3183 2401 3235 turba
2434 3185 2553 3236 212.

1617 3267 1808 3317 poema
1843 3258 1899 3302 et
1932 3253 2120 3318 poesis
2155 3255 2272 3303 226.

1616 3325 1811 3385 poetae
1845 3321 1992 3371 circa
2027 3321 2185 3370 initia
2221 3320 2450 3370 maxime
2481 3319 2740 3371 librorum

1685 3388 1973 3453 diligentes
2014 3389 2127 3438 194.

1617 3456 1852 3521 pblypus
1887 3459 2003 3507 265.

1614 3522 1948 3588 Pomponius
1982 3539 2083 3576 em.
2124 3526 2247 3586 199,
2283 3526 2411 3582 212,
2449 3526 2550 3576 246
2585 3521 2684 3575 bis.

1614 3591 1867 3657 Popilius
1908 3594 2025 3644 249.

1616 3674 1779 3723 porro
1816 3658 2040 3724 prodere
2075 3661 2190 3709 214.
2249 3675 2413 3725 porro
2449 3626 2736 3725 procedere

1680 3729 1798 3777 216.
1872 3743 2032 3792 porro
2069 3727 2286 3779 tradere
2319 3730 2438 3779 252.

1614 3795 1784 3858 potiri
1820 3809 1943 3844 cum
1978 3809 2098 3859 gen.
2143 3798 2261 3845 214.
2413 3814 2418 3817 ·

1614 3864 1825 3924 potitur
1858 3865 1975 3913 212.
2477 3892 2512 3901 -

1614 3930 2091 3980 Praenestinorum
2131 3946 2303 3981 sermo
2340 3934 2454 3983 284.

1478 4028 1497 4044 .
1547 4011 1571 4021 ·
1616 4012 1942 4063 praenomen
1996 3999 2362 4063 postpositum
2412 4000 2606 4064 gentili
2650 3999 2736 4051 vel

1686 4066 1997 4131 cognomini
2029 4068 2153 4125 233,
2187 4069 2306 4117 258.

1616 4133 2049 4198 praepositiones
2083 4135 2143 4182 in
2166 4134 2487 4198 compositis
2518 4136 2734 4186 adsimi—

1684 4200 1830 4251 latae
1864 4203 1983 4252 225.

1616 4270 2046 4334 praepositiones
2081 4267 2487 4331 monosyllabae
2521 4270 2731 4322 alienae

1683 4352 1717 4387 a
1750 4335 1856 4386 fine
1879 4335 2274 4386 trochaicorum
2300 4341 2357 4386 et
2381 4337 2735 4389 iambicon-um

1683 4406 1809 4468 285,
1844 4407 1963 4455 323.

1616 4470 1920 4537 prblogium
1962 4475 2079 4522 213.

2240 4561 2308 4610 24
