3267 5075
716 357 842 423 172
1387 358 1842 417 TESTIMONIA
1879 360 1976 417 DE
2013 359 2320 417 LUCILIO.

707 526 884 586 retur
919 521 1199 587 Lucilius
1246 523 1327 588 ab
1365 523 1475 607 eiS,
1522 524 1631 608 qui
1675 547 1714 588 a
1747 546 1973 608 pecore
2012 525 2146 589 eius
2184 526 2440 609 depasci
2478 548 2671 612 agros
2706 528 2957 611 publicos

709 638 1009 722 dicerent,
1037 641 1194 703 ‘non
1232 641 1351 703 est’
1382 639 1593 723 inquit
1620 638 1847 705 ‘Lucili
1874 661 2066 723 pecus
2104 641 2292 725 illud3
2341 643 2592 707 erratis'
2631 641 2957 727 (defendere

706 750 1020 817 Lucilium
1039 751 1426 839 videbatur):
1457 757 1600 839 ‘ego
1619 754 1892 821 liberum
1910 758 2067 839 puto
2088 777 2254 839 esse3
2283 779 2411 841 qua
2427 757 2625 842 lubet,
2642 759 2957 842 pascitus']

963 954 968 957 -
1704 869 1766 934 X
1813 871 1996 952 [181]

885 983 1054 1049 Acro
1093 984 1174 1048 ad
1208 982 1382 1049 Hor?
1403 987 1521 1051 sat.
1561 984 1645 1069 Π,
1687 985 1743 1068 1,
1782 986 1889 1051 72:
1938 983 2149 1070 Scipio
2188 986 2532 1052 Africanus
2578 987 2777 1052 fertur
2817 988 2959 1051 intra

708 1099 968 1162 domum
1022 1102 1158 1163 tam
1212 1100 1415 1165 civilis
1468 1100 1667 1165 fuisse
1723 1104 1790 1165 et
1832 1123 2015 1166 carus
2061 1100 2334 1184 Lucili0,
2385 1106 2461 1167 ut
2515 1103 2786 1186 quodam
2826 1106 2957 1167 tem·

705 1235 860 1296 pore
905 1213 1160 1278 Laelius
1216 1215 1385 1281 circa
1437 1215 1636 1280 lectos
1681 1216 1944 1282 triclinii
1998 1216 2274 1301 fugienti
2329 1218 2788 1302 supervenerit,
2836 1241 2959 1283 cum

707 1350 853 1393 eum
899 1328 1180 1394 Lucilius
1227 1323 1486 1396 obtorta
1529 1353 1766 1415 mappa
1812 1333 1995 1416 quasi
2039 1332 2347 1396 feriturus
2394 1336 2775 1418 sequeretur.

1801 1455 1898 1520 XI

881 1568 1189 1654 Porphyr.
1255 1570 1336 1635 ad
1393 1570 1550 1635 Hor.
1606 1573 1723 1635 sat.
1777 1569 1859 1654 11,
1911 1572 1966 1656 1,
2016 1572 2097 1636 16
2129 1594 2220 1656 sq.
2287 1575 2576 1637 attamen
2639 1575 2702 1637 et
2749 1573 2961 1636 iustum

704 1676 962 1767 poteras
1020 1688 1084 1749 et
1137 1685 1342 1750 dicere
1396 1686 1657 1769 fortem,
1716 1683 2080 1770 Scipiadam
2134 1691 2209 1752 ut
2263 1688 2520 1772 sapiens
2566 1687 2860 1754 Lucilius:
2917 1686 2962 1750 si

704 1823 838 1864 non
882 1803 1066 1884 potes
1112 1810 1214 1864 re's
1261 1804 1476 1886 gestas
1522 1800 1817 1885 scribere,
1864 1806 1931 1866 at
1974 1807 2158 1887 potes
2205 1803 2520 1867 iustitiam
2554 1807 2633 1885 ⁴et
2674 1801 2961 1868 fortitudi-

703 1937 882 1998 nem,
936 1919 1009 1979 ut
1052 1913 1334 1997 Lucilius
1394 1913 1763 2003 [Scipionis]
1808 1916 1987 2002 fecit,
2044 1919 2156 2002 qui
2211 1919 2413 1982 vitam
2457 1918 2633 2012 illius
2676 1919 2962 2002 privatam
3036 1971 3046 1979 .

706 2030 1065 2113 descripsit,
1123 2027 1397 2116 [Ennius
1442 2052 1592 2094 vero
1639 2031 1853 2113 bellaJ.
1907 2038 1994 2078 —-‘
2046 2033 2116 2097 in
2161 2033 2262 2098 his
2310 2033 2480 2117 quod
2534 2034 2716 2099 uncis
2759 2030 2961 2098 seclusi

705 2143 1118 2229 Scipionis,
1178 2148 1276 2209 est
1338 2145 1626 2230 glosema
1686 2147 2015 2230 pertinens
2080 2148 2162 2215 ad
2225 2148 2461 2213 illius.
2518 2185 2605 2195 -
2669 2151 2961 2233 postrema

702 2259 900 2324 verba
942 2260 1211 2344 indigna
1254 2282 1392 2324 esse
1433 2259 1874 2345 Porphyrione
1920 2262 2233 2346 existimo,
2279 2284 2469 2347 quem
2513 2267 2652 2330 tam
2684 2265 2960 2350 ‘ignarum

703 2373 901 2439 fuisse
947 2396 1162 2439 rerum
1198 2379 1272 2439 ut
1314 2375 1629 2466 minorem
1677 2373 2039 2460 Scipionem
2085 2399 2231 2443 cum
2276 2379 2518 2443 maiore
2556 2378 2959 2458 confunderet,

704 2491 959 2576 qualem
1022 2512 1177 2555 sane
1210 2491 1471 2555 ‚finxere
1526 2491 1862 2557 doctorum
1914 2493 2200 2578 plerique
2262 2493 2636 2579 Horatium,
2700 2493 2959 2579 equidem

702 2607 875 2679 haud
918 2606 1106 2671 facile
1153 2606 1432 2671 adducor
1475 2609 1550 2670 ut
1585 2607 1856 2673 credam.
1903 2646 1986 2654 —
2034 2609 2367 2674 fatendum
2402 2614 2625 2676 tamen
2661 2610 2846 2677 etiam
2877 2630 2957 2691 ap.

702 2721 1023 2787 Acronem
1070 2719 1435 2805 Scipiadam
1479 2722 1606 2786 dici
1650 2723 1834 2787 illum
1875 2725 1985 2807 qui
2019 2723 2454 2791 Hannibalem
2498 2729 2857 2793 revocatum
2893 2745 2959 2788 ex

668 2836 893 2905 ‚Italia
935 2837 1115 2920 vicit3
1163 2836 1240 2901 cf.
1286 2841 1351 2902 et
1396 2837 1531 2901 eius
1576 2840 1711 2901 not.
1757 2837 1838 2901 ad
1887 2839 1988 2904 72.

1666 2960 1792 3026 XII
1834 2963 2023 3043 [171]

881 3073 1008 3140 Cic.
1055 3076 1133 3139 de
1189 3097 1278 3140 or.
1335 3076 1393 3161 I,
1444 3077 1552 3161 16,
1600 3077 1711 3141 72:
1776 3078 1895 3142 ubi·
1951 3079 2233 3162 loquitur
2296 3078 2368 3143 L.
2424 3078 2697 3146 Crassus
2758 3080 2833 3145 ad
2886 3076 2957 3142 M.

708 3190 1106 3258 Scaevolam:
1169 3190 1279 3254 sed
1333 3194 1407 3255 ut
1460 3192 1711 3280 solebat
1755 3191 1823 3258 C.
1868 3192 2207 3259 Lucilius
2263 3217 2452 3278 saepe
2506 3196 2739 3280 dicere,
2789 3196 2955 3260 homo

700 3309 821 3373 tibi
868 3308 1216 3390 subiratus,
1271 3305 1430 3370 mihi
1473 3310 1737 3393 propter
1781 3330 1924 3374 eam
1967 3311 2176 3393 ipsam
2223 3332 2481 3376 causam
2535 3312 2749 3385 minus
2791 3330 2954 3395 quam

700 3424 956 3489 volebat
1008 3421 1371 3507 familiaris,
1435 3422 1547 3486 sed
1604 3426 1825 3487 tamen
1880 3427 1946 3487 et
1985 3424 2224 3512 ‘doctus
2281 3430 2344 3490 et
2406 3427 2825 3511 perurbanus,
2880 3422 2954 3488 sic

703 3539 926 3622 sentio,
962 3538 1286 3603 neminem
1324 3559 1462 3602 esse
1497 3538 1567 3601 in
1606 3541 1935 3604 oratorum
1971 3562 2239 3605 numero
2277 3541 2664 3626 habendum,
2710 3542 2813 3627 qui
2843 3560 2954 3605 non

702 3654 790 3717 sit
833 3652 1130 3718 omnibus
1177 3654 1267 3718 eis
1315 3653 1578 3738 artibus,
1623 3675 1786 3738 quae
1825 3658 1993 3720 sunt,
2015 3656 2216 3721 libero
2262 3657 2523 3721 homine
2570 3658 2798 3743 dignae
2836 3676 2952 3741 per-

700 3767 957 3851 politus.

1648 3882 1807 3949 Xm
1852 3886 2035 3968 [172]

881 3994 1007 4066 Cic.
1054 3996 1228 4061 acad.
1271 3996 1354 4081 II,
1400 3997 1504 4082 32,
1554 3999 1708 4065 102:
1757 4000 1997 4084 accipe,
2044 4002 2583 4086 quemadmodum
2627 4004 2837 4068 eadem
2876 3998 2948 4063 di-

701 4117 929 4179 cantur
974 4135 1013 4176 a
1050 4109 1502 4214 Clitomacho
1483 4136 1553 4177 111
1590 4135 1664 4179 eo
1700 4115 1866 4180 libro
1905 4139 2096 4200 quem
2142 4118 2224 4181 ad
2271 4116 2339 4183 C.
2377 4117 2694 4186 Lucilium
2730 4113 2951 4200 scripsit

700 4233 982 4314 poetam,
1041 4250 1187 4293 cum
1242 4227 1600 4310 scripsisset
1653 4229 1855 4295 isdem
1910 4232 1987 4296 de
2040 4233 2230 4298 rebus
2286 4233 2368 4298 ad
2419 4232 2490 4298 L.
2546 4230 2949 4309 Censorinum,

701 4367 846 4409 eum
893 4346 1003 4430 qui
1048 4344 1272 4409 consul
1319 4365 1463 4408 cum
1509 4342 1611 4409 Μ’.
1656 4343 1922 4411 Manilio
1967 4346 2119 4414 fuit:

229 4693 1739 5031 dnm
