3267 5075
567 338 648 401 76
1330 340 1550 394 mena
1586 341 1705 395 xx.
1743 341 1884 397 xx1.
1924 342 2096 398 xxn.

1587 502 1682 567 VI
1733 501 1822 590 [7]

737 621 1017 703 nugator
1062 640 1208 682 cum
1254 617 1421 683 idem
1468 641 1543 683 ac
1588 619 1825 683 nebulo
1874 620 1959 684 sit
2002 618 2301 685 maximu’
2346 620 2569 685 mult0.

1573 733 1702 799 VH
1749 732 1839 821 [4]

614 848 697 913 10
744 847 1052 932 Calpurni
1098 871 1290 914 saeva
1331 850 1472 935 lege
1517 850 1586 915 in
1630 848 1869 915 Pisoni'
1917 851 2213 934 reprendi

740 962 1050 1049 eduxique
1096 964 1378 1030 animam
1423 964 1794 1050 primoribu’
1840 964 2113 1049 partibu’
2159 966 2353 1031 nariS.

1526 1079 1687 1145 VIII
1737 1078 1871 1168 [10]

737 1215 961 1277 proras
1007 1195 1357 1284 despoliate
1404 1199 1469 1261 et
1514 1196 1856 1261 detundete
1902 1196 2208 1282 guberna.

1588 1309 1683 1375 IX
1731 1306 1820 1398 [2]

740 1431 1121 1512 tempestate
1167 1451 1285 1493 sua
1330 1431 1519 1514 atque
1565 1428 1789 1493 eodem
1835 1448 1965 1491 uno
2012 1429 2298 1512 tempore
2345 1431 2410 1493 et
2453 1429 2638 1495 horai

741 1543 1002 1609 dimidio
1049 1547 1113 1609 et
1155 1543 1347 1610 tribu'
1394 1543 1700 1610 confectis
1748 1542 2082 1609 dumtaxat
2126 1543 2392 1609 eandem

612 1659 694 1724 15
741 1662 809 1723 at
852 1664 1163 1744 quartam.
1322 1659 1327 1664 ’

1422 1804 1751 1878 LIBER
1804 1805 1990 1878 XXI.

1402 1929 1725 2002 LIBER
1778 1929 1999 2003 XXII.

1617 2059 1651 2124 I
1700 2056 1789 2147 [2]

741 2176 943 2243 servo'
988 2197 1193 2261 neque
1238 2176 1474 2241 infidus
1521 2176 1782 2240 domino
1829 2195 2034 2260 neque
2079 2172 2307 2238 inutili'
2355 2175 2730 2260 quoiquam,

834 2290 1039 2357 Lucili
1084 2292 1444 2372 columella,
1489 2290 1595 2356 hic
1642 2289 1786 2355 situ'
1832 2289 2303 2373 Metrophanes,

564 2467 738 2517 genus
770 2458 857 2503 est
891 2451 1203 2502 vestimenti
1227 2450 1368 2516 quod
1394 2451 1623 2517 desuper
1648 2450 1760 2501 alia
1784 2449 2119 2515 portabatur.
2190 2456 2252 2501 ut
2287 2448 2593 2501 Lucilius
2630 2449 2722 2500 lib.
2751 2451 2866 2501 XX

565 2538 599 2571 a
635 2519 925 2571 Parthenio
952 2519 1232 2571 inducitur
1259 2519 1351 2586 qui
1375 2519 1471 2573 ait.
1579 2519 1676 2581 VI¹
1705 2520 1844 2570 Non.
1873 2521 1954 2582 18,
1989 2520 2054 2569 27
2081 2534 2123 2570 s.
2151 2517 2186 2568 l.
2223 2517 2587 2570 nebulones
2625 2524 2683 2570 et
2709 2523 2865 2570 tene·

562 2588 865 2639 briones—
890 2587 1198 2639 Lucilius
1235 2592 1540 2653 satyrarum
1576 2588 1670 2638 lib.
1706 2587 1870 2638 XIIII
1896 2613 1958 2623 —
1985 2587 2149 2636 idem
2194 2586 2286 2641 lib.
2325 2586 2444 2636 XX.
2548 2587 2651 2637 VII
2714 2588 2863 2641 Non.

563 2659 693 2719 427,
731 2659 795 2706 23
833 2671 874 2711 s,
912 2674 962 2709 v.
1022 2656 1282 2720 priores
1320 2682 1385 2690 —
1422 2655 1671 2707 Lucilius
1727 2662 2030 2718 satyrarum
2065 2653 2158 2704 lib.
2194 2654 2327 2704 VIII
2361 2682 2427 2690 —
2462 2654 2744 2719 Turpilius
2792 2682 2862 2690 —

563 2725 736 2775 Varro
760 2750 828 2759 —
851 2723 1163 2774 Lucilius
1188 2727 1497 2785 satyrarum
1520 2722 1614 2773 lib.
1641 2722 1761 2773 XX.
1856 2723 1991 2772 VIII
2025 2722 2163 2775 Non.
2188 2724 2304 2783 490,
2333 2723 2395 2772 31
2433 2722 2731 2786 guberna
2756 2739 2864 2787 pro

562 2790 951 2857 gubernacula.
1020 2790 1334 2841 Lucilius
1379 2795 1688 2853 satyrarum
1732 2789 1824 2840 lib.
1871 2789 1990 2839 XX.
2033 2815 2101 2827 ·-
2144 2789 2279 2838 Mar.
2318 2789 2458 2839 Vict.
2494 2792 2559 2841 74
2605 2789 2864 2841 similiter

564 2886 628 2895 -
664 2859 723 2908 id
755 2864 842 2910 est
875 2857 1258 2923 gubernacula.
1429 2858 1509 2907 IX
1567 2857 1774 2908 Gellius
1811 2875 1864 2911 n.
1903 2873 1952 2907 a.
1993 2856 2095 2920 ΙΙΙ,
2136 2858 2218 2920 14,
2258 2858 2317 2906 11
2354 2857 2463 2906 iam
2495 2858 2555 2908 in
2589 2859 2863 2909 vicesimo

563 2927 907 2977 manifestius
944 2926 1220 2976 dimidiam
1255 2924 1443 2976 horam
1480 2926 1655 2975 dicere
1689 2925 1935 2977 studiose
1969 2924 2110 2989 fugit
2144 2924 2466 2989 (Lucilius),
2511 2924 2608 2976 sed
2643 2941 2740 2989 pro
2777 2927 2864 2975 di-

565 2995 731 3044 midia
770 2993 1105 3044 dimidium
1142 2993 1298 3058 ponit
1332 2995 1391 3043 in
1414 2993 1567 3045 hisce
1590 2992 1838 3044 versibus
1865 3020 1926 3029 —
1951 3008 2077 3042 nam
2115 3008 2236 3042 cum
2272 2993 2493 3043 obvium
2529 2994 2862 3058 proximum·

565 3077 669 3129 que
704 3067 852 3112 esset
885 3060 1063 3112 dicere
1097 3060 1317 3111 dimidia
1352 3059 1650 3123 (dimidia
1684 3058 1867 3125 VPR)
1904 3066 1958 3111 et
1994 3060 2167 3111 tribus
2195 3059 2474 3123 confectis,
2511 3060 2736 3125 vigilate
2771 3066 2862 3111 at-

558 3145 667 3197 que
703 3132 910 3180 attente
944 3129 1163 3179 verbum
1199 3144 1309 3179 non
1345 3130 1568 3193 probum
1604 3130 1826 3180 vitavit.

699 3199 725 3248 1
760 3197 899 3249 Don.
926 3196 1130 3248 adTer.
1152 3196 1364 3247 Phorm.
1391 3196 1461 3259 11,
1484 3199 1529 3258 1,
1550 3199 1615 3246 57
1650 3197 1809 3247 bene
1833 3200 2090 3257 custos,
2132 3194 2339 3257 salve3
2378 3194 2672 3246 columen
2694 3211 2861 3246 vero

563 3266 884 3316 familiae:
922 3281 993 3316 an
1029 3264 1240 3316 culmen
1277 3264 1561 3316 columna?
1597 3264 1737 3315 unde
1775 3263 2093 3315 columellae
2127 3263 2271 3328 apud
2292 3267 2500 3315 veteres
2535 3262 2669 3313 dicti
2704 3265 2863 3316 servi

737 3409 772 3466 9
820 3426 940 3465 cum
988 3409 1128 3465 idem
1172 3410 1256 3479 M,
1310 3407 1521 3466 cuidem
1574 3409 1724 3465 libri.
1903 3408 1982 3468 10
2034 3423 2245 3464 saevam
2287 3407 2464 3481 legem
2510 3405 2722 3463 Pisonis
2766 3424 2861 3463 re·

562 3494 755 3569 prendi
809 3493 977 3557 Iun.,·
1039 3502 1291 3551 ceterum
1351 3495 1480 3551 cdd.
1536 3492 1861 3566 reprehendi
1876 3498 1900 3562 ς’
1960 3491 2184 3566 rependi
2242 3494 2314 3549 D.
2535 3492 2608 3547 11
2668 3491 2864 3547 eduxi-

564 3594 705 3652 quae
739 3578 803 3635 G.
854 3607 930 3618 —
976 3595 1060 3652 pr.
1104 3596 1157 3652 p,
1205 3577 1296 3650 M,
1341 3580 1397 3635 in
1442 3595 1523 3652 pr.
1573 3581 1794 3648 scripti.
1959 3576 2034 3634 12
2092 3576 2384 3633 detundele
2430 3577 2612 3648 docti,
2658 3574 2863 3632 detun-

564 3662 676 3718 dite
722 3662 789 3733 G,
834 3663 881 3717 L
914 3663 981 3731 13
1027 3661 1362 3720 detunditate
1407 3663 1647 3733 Bamb.,
1692 3663 1738 3718 L
1769 3661 1826 3720 2.
1876 3693 1956 3703 -
2001 3666 2060 3719 in
2089 3662 2230 3718 Par.
2287 3662 2426 3718 Vict.
2460 3666 2513 3718 et
2542 3661 2735 3717 Palat.
2770 3669 2864 3718 est

568 3762 758 3820 proras
803 3745 1078 3802 detendite
1123 3753 1178 3802 et
1221 3747 1450 3821 spoliate
1495 3745 1768 3822 guberna;
1815 3749 1914 3803 ubi
1954 3750 2119 3821 vulqo
2163 3764 2219 3820 p.
2252 3745 2545 3802 detondete
2575 3753 2629 3801 et
2659 3744 2864 3819 despo-

569 3829 697 3886 liale
742 3828 1004 3904 guberna.
1139 3831 1215 3888 13
1262 3832 1413 3888 horai
1454 3833 1536 3901 M,
1584 3832 1714 3887 hora
1776 3832 1977 3904 VPR,
2024 3832 2190 3888 horae
2237 3849 2285 3891 v.
2422 3830 2498 3887 15
2543 3838 2596 3886 at
2660 3830 2705 3886 V
2713 3830 2861 3890 PR.

744 3915 775 3971 1
823 3929 1013 3970 servus
1059 3915 1340 3973 Donatus.
1384 3947 1468 3960 —-
1511 3916 1698 3972 inultis
1745 3917 1832 3973 ed.
1858 3934 1956 3989 pr.
2002 3947 2084 3956 —
2130 3917 2421 3989 quoiquam
2466 3916 2638 3985 docti,
2683 3930 2864 3988 quan-

565 4016 724 4074 quam
771 4001 859 4057 vel
906 4015 1226 4072 quamquam
1266 4017 1388 4072 pr„
1433 4003 1621 4073 Rom,
1671 4002 1804 4058 Ven.
1939 4001 1974 4057 2
2020 3999 2255 4057 Luceilei
2285 4000 2461 4056 Mart.
2494 3999 2688 4056 Palat.
2736 4007 2860 4072 opt.

565 4086 743 4153 (saec.
791 4082 961 4155 XV),
1007 4082 1174 4139 Lucili
1220 4086 1309 4141 vel
1351 4084 1538 4142 Lucilli
1574 4089 1849 4160 plerique
1862 4110 1880 4150 ,·
1923 4083 2131 4142 Lucillii
2172 4103 2291 4157 pr„
2338 4082 2542 4149 Rom,
2588 4084 2725 4140 Ven.
2773 4114 2897 4147 -,

563 4168 849 4227 columelle
893 4170 1081 4241 Rom„
1127 4168 1415 4245 columelle
1456 4187 1553 4242 pr.
1621 4201 1697 4210 -—
1765 4172 1905 4227 situs
1948 4169 2197 4242 Dorum,
2243 4167 2366 4226 Pal.
2412 4175 2561 4241 opt„
2606 4167 2864 4228 Putean.

564 4270 723 4311 saec.
770 4256 858 4326 X,
904 4255 1040 4311 situs
1086 4261 1171 4309 est
1211 4254 1349 4311 libri
1380 4257 1656 4327 plurimi,
1700 4255 1827 4310 situ’
1874 4262 1980 4327 est,
2025 4256 2185 4312 modo
2238 4255 2385 4327 fides
2428 4257 2501 4310 sit
2545 4253 2862 4311 Schneide-

568 4342 730 4404 winO,
797 4341 952 4397 Vos&
1001 4355 1152 4396 saec.
1200 4339 1309 4396 ΧΙ.
1359 4368 1439 4380 -
1484 4338 1864 4414 Metrophanes
1909 4358 2017 4398 om.
2057 4357 2178 4412 pr„
2224 4340 2410 4411 Rom„
2473 4339 2607 4396 Ven.
