3267 5075
1091 372 1191 425 EX
1228 372 1462 427 LIBRIS
1501 371 1860 428 INCERTIS.
2485 369 2616 433 285

316 545 373 595 et
420 556 675 610 maynae
727 538 1070 597 mundanum
1122 541 1313 613 gulae.
1370 569 1456 581 —
1507 541 1565 595 in
1622 539 1904 614 Pomponii
1964 556 2123 595 versu
2180 537 2474 613 quadrato,
2529 539 2615 593 cui

316 633 448 697 post
493 641 773 681 caesuram
819 624 941 680 dest
984 626 1216 680 creticus
1259 623 1599 693 scribendum
1645 624 1977 682 manduco's
2018 641 2118 697 pro
2163 625 2503 680 manducas,

495 707 640 768 129.
713 710 906 765 eodem
952 726 1110 765 versu
1156 708 1370 765 videtur
1425 727 1556 765 usus
1602 726 1724 765 esse
1768 708 2045 783 Nigidius,
2092 710 2181 782 qui
2228 719 2284 763 et
2330 707 2457 763 alias
2501 717 2617 762 stu-

315 792 510 848 diosus
559 793 663 850 l'uit
706 793 927 863 Lucilii;
976 793 1117 849 unde
1161 793 1303 867 apud
1350 794 1609 849 isidorum
1655 812 1737 851 or.
1793 793 1875 864 xl,
1926 794 1983 862 1,
2018 792 2095 850 72
2143 793 2403 867 leguntur
2459 792 2614 851 liaec:

317 885 550 934 truncus
596 879 767 935 media
813 896 937 953 pars
980 879 1227 951 corporis
1278 895 1307 932 a
1353 877 1496 935 collo
1530 868 1704 952 usque
1735 879 1799 934 ad
1832 879 2070 952 inguina.
2132 879 2199 933 de
2231 894 2339 950 quo
2371 876 2616 950 Nigidius

314 959 510 1037 ‘caput
554 963 699 1019 collo
745 964 958 1019 vehitur
1004 964 1093 1037 (ita
1121 961 1316 1033 Guels.,
1364 962 1550 1036 Sang.,
1594 964 1784 1035 Paris,
1831 963 2089 1033 Monac.);
2136 972 2358 1018 truncus
2400 951 2614 1016 susten-

317 1055 469 1103 tatur
524 1047 627 1120 (sic
671 1047 870 1120 scrib.,
923 1054 1279 1104 sustentetur
1335 1037 1542 1118 GuelL,
1597 1055 1933 1104 sustenetur
1986 1047 2067 1103 vel
2124 1050 2440 1103 sustinetur
2493 1042 2613 1115 rel.)

314 1134 470 1188 coxis
529 1141 586 1188 et
644 1132 875 1207 genibus
930 1131 1328 1205 cruribusque.'
1371 1197 1376 1202 .
1419 1148 1556 1205 quae
1614 1140 1790 1187 tamen
1837 1131 1982 1187 vides
2036 1130 2412 1206 interpolando
2458 1147 2615 1203 quam

314 1217 555 1272 multum
586 1216 967 1291 degenerarint
999 1235 1028 1272 a
1059 1215 1363 1273 LucilianiS.
1410 1246 1475 1256 —-
1528 1225 1768 1272 ceterum
1802 1217 1928 1273 olim
1963 1217 2064 1272 hoc
2097 1216 2455 1291 fragmentum
2490 1232 2619 1270 cou-

310 1303 604 1358 stitueram
647 1304 722 1358 ita

578 1440 739 1505 caput
783 1449 811 1487 a
857 1430 1001 1488 collo
1046 1440 1415 1503 sustentatur,
1464 1439 1688 1488 truncus
1734 1434 2036 1488 sustinetur
2078 1448 2106 1486 a

505 1566 512 1571 .
580 1516 987 1585 coxendicibus;

316 1656 500 1710 miuus
546 1653 854 1727 elegantem
901 1670 1018 1709 uam
1053 1663 1114 1711 ut
1143 1656 1385 1710 omittam
1417 1656 1862 1728 inportunissima
1892 1655 1980 1711 illa
2017 1660 2395 1723 sustentatur,
2444 1657 2612 1709 susti-

313 1746 518 1813 netur,
565 1754 675 1793 uon
721 1741 890 1795 ausim
939 1738 1172 1795 tribuere
1219 1740 1484 1796 trochaeis
1539 1742 1653 1796 sive
1697 1740 1883 1796 iambis
1928 1739 2216 1812 Luciliijn
2262 1741 2411 1793 exitu
2456 1739 2612 1792 metri

315 1825 787 1898 praepositionem
829 1840 926 1878 seu
973 1824 1289 1897 particulam
1321 1825 1764 1898 monosyllabum.
1810 1856 1889 1864 —
1938 1823 2068 1880 illud
2115 1826 2433 1880 sustinetur
2479 1821 2610 1877 nihil

314 1909 464 1964 aliud
513 1917 598 1964 est
645 1910 745 1964 nisi
791 1908 1156 1983 ‹littographia
1187 1909 1557 1982 praecedentis
1589 1916 1951 1966 sustentatur
1992 1908 2312 1982 pervulgato
2359 1908 2410 1962 in
2458 1906 2613 1961 Nouii

315 1994 472 2048 liin-is
521 1994 671 2048 vitio.
720 2025 802 2032 —
846 2004 902 2048 (τ’
928 1996 1175 2067 provenit
1218 1998 1591 2067 exsequente
1634 2012 1720 2050 co.
1768 2024 1849 2034 —-
1894 1996 2019 2050 coto
2051 2010 2149 2067 pro
2182 1995 2345 2048 cotto.
2394 2020 2471 2031 -—--
2519 2007 2612 2046 co-

314 2079 683 2141 xendicibus.
730 2078 799 2133 cl'.
854 2078 921 2133 de
978 2095 1227 2135 mensura
1273 2079 1756 2151 autepaenultimae
1801 2079 2003 2135 Ritsch.
2063 2077 2126 2132 ad
2183 2076 2369 2133 Bacch.
2423 2076 2611 2143 11593

317 2162 503 2218 Herm.
556 2163 720 2234 prael.
767 2180 906 2218 com.
956 2163 1129 2218 eiusd.
1175 2182 1266 2237 pg.
1313 2162 1373 2219 V.

496 2246 638 2305 130.
712 2263 966 2318 munere,
1009 2249 1383 2321 gladiatorio.-
1427 2257 1486 2305 ut
1533 2249 1567 2306 l.
1615 2248 1702 2304 llll
1748 2251 2100 2305 Flaccorum
2145 2261 2401 2303 munere.

495 2332 637 2388 133.
714 2333 1094 2405 rederyuisse„
1112 2349 1159 2388 e.
1192 2350 1243 2405 q.
1279 2350 1358 2398 S.;
1405 2335 1564 2409 etiam
1612 2335 1742 2389 haec
1791 2334 2020 2388 sortasse
2051 2349 2113 2388 ex
2148 2331 2352 2387 Lucilio
2384 2338 2613 2404 sumpta.

318 2449 395 2458 —
432 2435 549 2491 quo
588 2447 655 2457 --
694 2421 877 2473 ceteri
887 2441 903 2480 ‚-
947 2419 1123 2473 omnia
1154 2420 1307 2473 enim·
1330 2419 1630 2490 AfricanuS,
1664 2429 1723 2474 ut
1752 2418 1920 2474 refert
1951 2417 2059 2478 Cic.
2093 2416 2159 2472 de
2191 2433 2270 2471 or.
2303 2415 2341 2482 l,
2376 2416 2435 2486 6,
2469 2415 2612 2487 ⁶255,

314 2519 575 2561 sermone
620 2500 936 2559 conficiebat
978 2500 1161 2576 paullo
1204 2494 1514 2561 intentiore:
1589 2503 1906 2580 Scipionem
1954 2504 2184 2576 primum
2227 2500 2329 2557 dici
2376 2517 2404 2557 e
2452 2517 2548 2574 pro
2583 2517 2614 2556 o

316 2591 547 2645 iussisse
600 2589 655 2643 iu
703 2589 785 2643 his
833 2604 971 2661 quae
1026 2596 1153 2644 sunt
1211 2606 1437 2646 vorsum
1482 2601 1536 2645 et
1582 2592 1832 2646 vortices
1877 2589 2042 2643 refert
2089 2585 2310 2654 Quintil.
2348 2585 2386 2658 l,
2422 2586 2476 2656 7,
2512 2584 2610 2641 25.

319 2706 398 2715 —-
443 2675 722 2747 facetior,
770 2680 828 2728 ut
874 2690 957 2746 ap.
1009 2672 1139 2728 Hor.
1185 2684 1285 2729 sat.
1334 2675 1374 2745 l,
1412 2675 1490 2730 10

1136 2803 1297 2859 molle
1342 2812 1503 2876 atque
1551 2803 1780 2859 facetum

581 2887 818 2962 Ver-gilio
862 2885 1165 2943 adnuerunt
1211 2888 1508 2962 gaudentes
1554 2905 1680 2944 rure
1724 2886 2003 2943 Camenae.

311 3022 636 3091 pertisum,·
679 3016 875 3072 Paulus
908 3016 942 3072 7
950 3016 985 3071 2
1032 3019 1287 3073 distisum
1331 3025 1385 3073 et
1424 3021 1708 3089 pertisum
1738 3016 2009 3073 dicebant
2039 3016 2194 3089 quod
2219 3032 2375 3072 nunc
2405 3013 2612 3071 distae-

319 3120 445 3160 sum
492 3110 549 3158 et
589 3109 953 3173 pertaesum:
997 3103 1066 3157 cl'.
1115 3102 1344 3158 eundem
1392 3101 1541 3164 216;
1589 3103 1698 3157 Cic.
1748 3119 1827 3157 or.
1874 3101 1977 3173 48,
2012 3100 2152 3157 159.

497 3185 678 3243 135..
720 3191 1004 3259 proeliari
1055 3189 1143 3249 1223·
1209 3203 1423 3242 versum
1480 3180 1810 3242 trochaicum
1867 3202 2084 3241 caesura
2147 3194 2416 3241 carentem
2476 3184 2612 3239 haud

322 3283 529 3328 temere
576 3272 849 3327 tribuerim
895 3272 1118 3327 Lucilio.
1167 3302 1248 3311 —
1292 3273 1398 3328 sub
1445 3273 1593 3342 vitei,
1639 3274 1942 3328 accusativo
1989 3272 2074 3326 hic
2120 3287 2225 3325 nou
2260 3271 2428 3341 magis
2461 3270 2613 3323 locus

322 3374 484 3431 quam
525 3358 580 3412 in
625 3359 868 3431 proximo
914 3357 1163 3412 lemmate
1207 3356 1387 3427 Pauli,
1445 3355 1530 3410 ubi
1577 3356 1972 3412 restituendum
2017 3357 2121 3410 sub
2167 3357 2364 3423 vinea,
2423 3362 2514 3407 aut
2560 3355 2613 3407 iu

323 3441 419 3498 illo
450 3443 558 3497 sub
591 3445 753 3499 vitem
782 3444 988 3498 hastas
1016 3444 1231 3511 iacere,
1277 3441 1429 3514 quod
1455 3458 1616 3514 supra
1649 3443 1997 3496 correximus.
2075 3448 2129 3493 et
2169 3439 2242 3492 ita
2274 3439 2389 3510 ipse
2424 3436 2614 3492 Festus

319 3529 374 3583 in
421 3526 559 3582 locis
605 3543 742 3599 quos
789 3528 1076 3582 memoravi
1120 3532 1261 3581 eum
1292 3526 1397 3582 sub
1428 3529 1591 3582 viuea
1623 3528 1862 3582 militari
1885 3531 2169 3597 puqnant,
2216 3539 2342 3577 cum
2375 3537 2479 3577 eas
2510 3524 2615 3579 sub

319 3630 497 3667 manu
542 3627 769 3668 sursum
812 3615 995 3672 mittit.
1855 3633 1863 3639 ·

499 3695 638 3753 136.
716 3700 879 3753 timeo
923 3705 987 3753 ut
1001 3720 1016 3758 ;
1059 3698 1130 3752 ita
1176 3695 1299 3752 alibi
1343 3702 1529 3753 metuo
1574 3704 1637 3752 ut
1679 3698 1815 3767 fieri
1851 3698 2051 3767 possit.

498 3781 638 3839 138.
715 3784 826 3838 volt
870 3798 971 3855 pro
1017 3784 1177 3844 vetit,·
1223 3784 1293 3837 ita
1339 3798 1424 3855 ap.
1455 3768 1593 3852 Non.
1627 3780 1773 3852 278,
1816 3779 1889 3834 11
1939 3779 2142 3853 legitur
2187 3794 2465 3852 perperam
2500 3780 2615 3834 vult

321 3883 422 3940 pro
468 3869 618 3923 velit.
1471 3931 1486 3945 δ
1570 3889 1581 3901 ·

500 3951 637 4007 141.
715 3968 839 4007 ecce
883 3954 1215 4008 notissimam
1263 3952 1539 4007 historiam
1585 3967 1723 4023 quae
1768 3948 1974 4006 Lucilio
2020 3957 2242 4005 auctore
2289 3965 2394 4004 non
2440 3950 2613 4003 minus

325 4036 426 4092 suit
470 4037 749 4111 popularis
793 4036 1044 4093 Romanis
1103 4053 1259 4109 quam
1319 4053 1499 4109 pugna
1555 4036 1643 4092 illa
1692 4034 2050 4108 gladiatorum
2097 4050 2254 4107 quam
2311 4034 2348 4089 l.
2396 4032 2476 4088 llll
2523 4032 2613 4087 de-

323 4123 555 4194 scripsit.
648 4120 806 4177 verba
850 4131 1027 4177 autem
1075 4121 1197 4191 illa,
1254 4137 1389 4193 quae
1436 4131 1495 4176 ut
1542 4120 1743 4176 rideret
1785 4111 2098 4194 ἀγέλαστος
2152 4118 2243 4172 ille
2299 4116 2614 4185 ell'ecerunt,

324 4206 477 4261 solus
522 4206 699 4262 adl'ert
744 4205 1124 4279 Hieronymum,
1171 4223 1234 4261 ex
1280 4206 1554 4260 Ciceronis
1604 4204 1742 4260 haud
1787 4204 1949 4259 dubie
1994 4201 2289 4276 deperditis
2335 4200 2485 4258 libris
2532 4203 2615 4271 (ut

323 4301 456 4364 puta
500 4294 576 4364 eis
622 4308 762 4365 quos
806 4291 872 4346 de
917 4291 1190 4364 republica
1236 4286 1563 4364 composuit)
1613 4307 1721 4345 non
1767 4306 1829 4344 ex
1874 4291 2005 4362 ipsis
2054 4286 2238 4341 Lucilii
2294 4284 2614 4341 carminibus

326 4377 532 4434 hausta.
579 4408 660 4419 —-
707 4377 1029 4441 sententiam
1076 4392 1260 4431 versus
1307 4384 1429 4450 apte
1475 4375 1706 4450 explicat
1739 4373 2113 4452 Hieronymus.
2182 4370 2392 4428 videtur
2436 4380 2614 4428 autem
