3267 5075
800 388 1329 454 QUAESTIONUM
1365 388 1927 444 LUCILIANARUM
1963 389 2196 444 LIBER.
2386 399 2646 459 ΧΧΧῙΠ

222 629 229 638 ·
329 559 584 619 edendis
614 558 719 635 qui
745 559 1050 636 agitarent
1067 563 1163 620 sat
1179 562 1406 621 notum.
1455 559 1561 618 sed
1587 558 1841 619 omisere
1868 578 2089 633 omnes,
2117 579 2258 636 pars
2287 560 2643 622 difficultate

330 667 536 742 operis
568 666 728 740 victi,
756 666 972 742 reliqui
1000 669 1319 743 postquam
1346 667 1508 726 fama
1534 669 1667 726 erat
1691 666 2009 743 vulgatum
2026 671 2294 728 nostram
2323 668 2643 728 editionem

334 774 561 849 parari.
596 804 673 814 -
707 773 781 831 de
808 792 928 849 qua
953 773 1075 833 iam
1102 774 1366 833 curatius
1395 769 1826 834 disserendum.

1273 949 1535 1010 CAPUT
1581 950 1723 1010 1111.

658 1067 741 1123 De
780 1067 1044 1122 subsidiis
1081 1070 1141 1123 et
1175 1068 1489 1124 rationibus
1526 1066 1737 1122 criticis
1773 1068 2111 1123 recensionis
2147 1069 2329 1124 huius.

518 1201 721 1278 Igitur
736 1204 1057 1278 postquam
1084 1204 1315 1261 certum
1342 1201 1514 1262 stetit
1540 1200 1737 1262 animo
1756 1199 1972 1260 Lucilii
1996 1205 2233 1262 saturas
2254 1203 2445 1277 edere,
2474 1183 2644 1264 undi-

334 1328 456 1384 que
485 1309 657 1385 coepi
681 1309 965 1385 colligere
997 1309 1278 1368 subsidia.

520 1414 678 1475 Sane
716 1434 788 1475 ea
831 1434 899 1474 re
933 1416 1193 1504 multum
1228 1416 1341 1476 iuti
1396 1435 1618 1490 811111118,
1667 1416 1826 1492 quod
1862 1415 2149 1492 pleraque
2186 1418 2409 1494 scripta
2442 1420 2643 1478 aucto·
2719 1395 2722 1398 ¹

330 1542 476 1580 rum
522 1519 878 1583 Latinorum
931 1541 1067 1582 cum
1121 1523 1572 1598 corruptissima
1616 1523 1922 1581 ferrentur
1966 1526 2164 1583 aetate
2200 1525 2436 1584 Dousae
2485 1543 2642 1584 nunc

332 1628 644 1687 habentur
680 1631 789 1687 aut
821 1629 1108 1688 restituta
1141 1630 1266 1687 fere
1303 1630 1460 1689 curis
1490 1630 1800 1689 doctorum
1837 1632 1948 1689 aut
1971 1634 2266 1706 apparatu
2298 1632 2506 1707 utique
2535 1633 2643 1692 cri·

331 1735 457 1795 tico
499 1735 847 1811 plenissime
888 1736 1136 1796 munita.
1205 1736 1357 1796 bene
1396 1737 1586 1814 igitur
1626 1737 1710 1796 sit
1748 1737 2019 1812 inprimis
2068 1737 2332 1811 Halmio,
2379 1737 2640 1813 Hertzio,

332 1841 553 1917 Keilio,
593 1862 850 1918 quorum
885 1842 1187 1902 indefessa
1221 1843 1519 1904 industria
1554 1862 1623 1903 ac
1660 1843 1885 1904 virtute
1922 1846 2129 1903 extant
2164 1845 2446 1921 castigati
2481 1842 2642 1904 Cice-

330 1950 502 2010 ronis
530 1968 604 2009 ac
629 1949 939 2035 rhetorum
969 1953 1032 2009 et
1055 1951 1583 2027 grammaticorum
1608 1951 1765 2011 libri.
1811 1951 2026 2011 horum
2054 1970 2127 2009 ex
2150 1951 2356 2012 labore
2375 1952 2642 2012 virorum

330 2059 637 2132 quantum
655 2056 937 2117 utilitatis
966 2057 1043 2116 ad
1069 2076 1205 2116 mea
1231 2058 1432 2117 studia
1458 2059 1856 2117 redundasset
1881 2058 2139 2117 maxime
2167 2059 2438 2135 persensi
2461 2058 2527 2117 in
2553 2059 2639 2118 eis

331 2163 705 2236 auctoribus,
744 2163 849 2239 qui
874 2165 1136 2225 nondum
1177 2165 1433 2224 similem
1468 2165 1704 2248 experti
1729 2168 1901 2225 erant
1934 2184 2153 2239 curam,
2193 2184 2488 2242 nusquam
2516 2184 2641 2226 sae-

330 2271 474 2346 pius
503 2290 688 2347 quam
717 2270 782 2328 in
808 2271 1002 2330 Nonio
1032 2273 1094 2330 et
1118 2270 1544 2348 Porphyrione.
2263 2284 2268 2290 ·

317 2461 324 2467 .
518 2377 842 2465 Praeterea
867 2398 963 2438 me
990 2398 1098 2438 nec
1125 2398 1302 2438 curae
1329 2397 1437 2438 nec
1454 2379 1740 2455 pecuniae
1767 2380 2118 2456 pepercisse,
2148 2382 2219 2438 ut
2244 2379 2428 2455 digna
2445 2380 2638 2440 Nonio

329 2484 692 2563 Lucilioque
710 2504 988 2563 pararem
1016 2486 1298 2560 subsidia,
1328 2487 1489 2547 omni
1516 2487 1766 2564 pignore
1793 2489 1996 2565 potest
2022 2486 2326 2548 affirmari.
2373 2489 2639 2547 ceterum

329 2594 517 2670 plura
553 2597 767 2670 sponte
804 2595 1077 2670 optulere
1114 2594 1288 2653 amici
1323 2596 1388 2652 et
1420 2594 1620 2671 siquos
1649 2596 1821 2656 nobis
1855 2596 2018 2671 ipsos
2045 2615 2165 2655 non
2191 2595 2461 2672 cognitos
2485 2614 2639 2655 com-

328 2702 538 2760 munis
557 2701 900 2761 litterarum
917 2702 1113 2761 iunxit
1128 2720 1321 2778 amor3
1343 2720 1534 2778 neque
1552 2702 1878 2778 quidquam
1896 2702 2113 2762 accidit
2128 2702 2442 2762 iucundius
2466 2703 2637 2762 nobis

326 2809 401 2866 in
428 2807 540 2868 hoc
568 2827 750 2884 opere
786 2808 1008 2868 laboris
1038 2808 1398 2884 plenissimO,
1435 2827 1617 2883 quam
1654 2809 1812 2884 quod
1848 2809 2195 2886 potissimus
2229 2809 2481 2885 quisque
2508 2810 2638 2885 phi-

326 2915 677 2991 lologorum
700 2917 923 2991 quanto
953 2915 1081 2974 eius
1100 2915 1393 2975 desiderio
1423 2917 1787 2989 tenerentur,
1816 2916 2228 2990 multiplicatis
2258 2919 2401 2975 sunt
2427 2916 2636 2975 testati

328 3022 488 3080 mihi
516 3021 752 3083 officiis.

516 3128 633 3189 Hic
672 3130 935 3204 primum
973 3129 1366 3189 nominandus
1409 3132 1503 3189 est
1541 3148 1678 3189 cum
1718 3128 1895 3188 laude
1940 3129 1992 3188 is
2038 3148 2217 3205 quem
2257 3131 2636 3205 potissimum

326 3236 694 3297 Latinorum
713 3237 891 3296 huius
910 3236 1042 3296 aevi
1070 3236 1406 3297 studiorum
1434 3239 1497 3295 et
1521 3236 1817 3295 arbitrum
1840 3255 1972 3296 esse
2001 3239 2063 3296 et
2089 3237 2424 3297 adiutorem
2442 3238 2634 3297 facilis

329 3346 433 3404 est
457 3344 769 3405 consensio
802 3344 960 3402 inter
987 3362 1191 3403 omnes
1227 3375 1302 3384 ——
1337 3343 1783 3402 Fridericum
1820 3342 1949 3403 dico
1987 3341 2488 3418 Bitschelium,
2525 3364 2635 3404 nec

328 3451 531 3511 minus
560 3451 677 3512 viri
713 3470 902 3527 aeque
939 3450 1310 3510 demetendis
1338 3450 1649 3510 doctorum
1675 3449 1931 3526 ingeniis
1958 3449 2088 3508 nati
2124 3448 2425 3510 Carolus
2463 3451 2635 3511 Hal-

326 3560 540 3633 mius,
590 3558 949 3618 Martinus
994 3556 1360 3630 HertziuS,
1421 3556 1777 3616 Henricus
1823 3556 2131 3630 Keilius,
2180 3557 2631 3617 Hermannus

330 3666 704 3743 Hagenus,
770 3663 1070 3725 Carolus
1122 3663 1777 3739 Zangemeisterus,
1835 3662 2189 3740 Georgius
2237 3663 2469 3738 Thilo,
2530 3665 2633 3724 alii

330 3773 495 3833 haud
523 3772 718 3850 pauci,
745 3791 894 3849 quos
924 3771 1175 3832 subinde
1202 3771 1683 3831 memorabimus,

510 3880 597 3941 Et
630 3880 874 3940 hercule
909 3899 1044 3939 cum
1070 3878 1274 3938 Dousa
1302 3877 1537 3953 saepius
1574 3880 1648 3936 ut
1670 3842 1962 3937 librorum
1997 3877 2355 3938 testimoniis
2384 3878 2633 3938 destitu-

331 3991 433 4047 tus
459 3988 808 4064 ignorasset
832 3988 1024 4063 plane,
1067 3985 1210 4062 quid
1237 3984 1432 4044 Lucili
1460 3987 1637 4058 esset,
1665 3985 1809 4061 quid
1835 4005 1969 4061 non,
1997 4005 2106 4045 nos
2135 3986 2282 4045 adeo
2310 3985 2632 4045 abundavi-

331 4114 465 4161 mus
494 4093 799 4168 subsidiis,
836 4094 937 4156 vix
964 4111 1246 4168 umquam
1276 4095 1347 4150 ut
1381 4111 1488 4151 nos
1515 4092 1751 4165 lateret,
1789 4093 1932 4168 quid
1969 4092 2299 4169 antiquitus
2342 4091 2631 4151 traditum

333 4204 494 4262 esset
520 4202 585 4260 in
612 4201 707 4262 his
736 4198 1108 4277 fragmentiS,
1138 4198 1281 4274 quid
1308 4201 1594 4259 novatum
1623 4199 1933 4259 doctorum
1961 4199 2242 4259 arbitriis.

510 4306 742 4368 Eodem
769 4325 914 4383 erga
929 4324 1037 4366 nos
1057 4306 1311 4366 candore
1334 4305 1501 4365 fuere
1518 4304 2014 4365 bibliothecarum
2032 4304 2320 4382 praefecti
2343 4304 2629 4381 plerique,

334 4412 868 4475 Heinemannus
889 4411 1263 4486 Guelferbiti,
1288 4410 1610 4471 Klettius
1637 4411 1880 4471 Bonnae
1900 4432 1967 4472 ac
1986 4432 2123 4472 mox
2140 4412 2333 4486 Ienae,
2364 4411 2632 4487 Zange-

442 4514 490 4553 G.
518 4511 674 4555 Lucili
701 4517 842 4553 satur.
868 4513 948 4553 rel.
2081 4566 2084 4567 ⁷
2173 4528 2204 4565 0
