3267 5075
579 305 707 371 144
1326 305 1427 361 EX
1462 305 1698 362 LIBRIS
1735 305 2096 396 mcERTIS.

1548 470 1696 536 LVI
1745 469 1882 558 [86]

752 583 1078 648 Andronis
1125 585 1304 650 flacci
1349 587 1522 671 leget
1565 587 1737 650 utria
1785 647 1828 656 ,
1849 637 1886 655 c
1907 637 1944 655 c
1966 645 2004 655 ..
2026 638 2063 656 c

1532 700 1713 766 LVII
1762 699 1898 788 [54]

754 816 982 879 durum
1029 818 1221 880 molle
1268 839 1455 880 voras
1502 816 1867 902 fragmenta
1911 816 2202 881 interfici’
2249 820 2451 901 panis.

1513 931 1725 998 LVIII
1773 929 1910 1018 [50]

754 1048 1103 1132 intereunt,
1151 1049 1480 1132 labuntur,
1528 1051 1685 1111 eunt
1727 1070 1981 1111 rursum
2029 1047 2248 1111 omnia
2291 1070 2570 1112 vorsum.

1526 1171 1672 1235 LIX
1718 1171 1904 1253 [153]

751 1286 989 1351 Paulus
1042 1287 1156 1350 44:
1217 1288 1489 1352 sarisam
1555 1285 1961 1372 (carissam
2021 1286 2158 1350 cdd.
2222 1286 2538 1373 Muelleri,
2606 1288 2691 1353 L.
2728 1293 2899 1376 116,

576 1403 708 1466 ‘alii
745 1403 1040 1466 carisam'
1080 1401 1300 1488 Goth.)
1339 1403 1507 1487 apud
1543 1402 1859 1467 Lucilium
1895 1400 2148 1465 vafrum
2195 1400 2316 1486 (ita
2352 1402 2579 1486 Guelf.‚
2627 1404 2684 1468 L
2720 1408 2898 1493 1163

574 1518 870 1581 vafram
916 1516 1090 1581 Mon.
1137 1521 1209 1580 ut
1253 1517 1405 1602 vid.)
1451 1518 1793 1602 significat.
1842 1555 1924 1562 —
1975 1518 2195 1601 glosae
2239 1516 2604 1583 Philoxeni:
2662 1523 2899 1587 carisa

575 1629 959 1717 μαυλιστής,
984 1616 1488 1717 ’πορνοβοσκόςς
1537 1636 1628 1697 at-
1649 1631 1906 1696 Isidori:
1954 1628 2194 1696 cariss'a
2229 1634 2377 1697 lena
2411 1638 2597 1698 vetus
2637 1640 2713 1699 et
2748 1638 2896 1703 liti-

576 1748 776 1831 giosa,
822 1748 1058 1811 ancilla
1102 1747 1342 1832 dolosa,
1361 1749 1368 1755 ’
1386 1748 1600 1813 fallax.

1565 1862 1680 1926 LX
1725 1864 1866 1945 [88]

751 2031 792 2039 -
815 2023 852 2041 c
874 2021 911 2040 υ
933 2031 972 2041 -
1020 1979 1375 2063 palmisque
1422 1980 1735 2043 misellam
1783 1979 2067 2062 depuviit
2110 2002 2230 2043 me.

1551 2093 1696 2158 LXI
1745 2091 1881 2180 [92]

620 2209 708 2273 95
751 2258 1153 2279 ννννννν
1141 2200 1174 2230 “
1204 2210 1485 2273 mantisa
1529 2211 1800 2274 obsonia
1843 2210 2059 2274 vincit.

1531 2324 1711 2388 LXII
1758 2326 1899 2407 [13]

752 2441 1077 2525 pistricem
1122 2440 1427 2524 validam,
1475 2441 1529 2505 si
1574 2441 1821 2504 nummi
1869 2441 2394 2526 suppeditabunt,

754 2558 950 2621 addas
996 2557 1390 2641 empleuron,
1437 2558 1844 2640 mamphulas
1890 2581 2052 2642 quae
2099 2560 2261 2623 sciat
2305 2557 2532 2622 omnis,

1513 2671 1741 2779 Lxm·
1774 2671 1911 2760 [34]

752 2811 922 2892 nunc
969 2788 1050 2852 ad
1093 2790 1159 2851 te
1203 2787 1419 2872 rede0‚
1465 2792 1537 2852 ut
1581 2811 1745 2873 quae
1789 2811 1891 2853 res
1936 2812 2038 2854 me
2083 2789 2390 2872 inpendet
2433 2791 2684 2873 agatur.

575 3010 640 3020 --
678 2983 978 3033 masculino
1013 2983 1286 3047 Vergilius
1321 3009 1387 3042 ——‚
1424 2984 1748 3035 Lucilius.
1922 2985 2049 3035 LVI
2106 2984 2244 3036 Non.
2266 2986 2396 3046 231,
2433 2987 2498 3036 29
2534 2990 2729 3035 utres
2768 3003 2881 3037 usu

575 3051 795 3115 generis
833 3050 1119 3100 masculini
1153 3057 1366 3101 tantum
1402 3053 1561 3102 modo
1598 3053 1950 3118 deputantur.
2021 3053 2199 3102 neutri
2233 3051 2557 3102 Lucilius.
2710 3053 2881 3105 LVII

575 3120 714 3171 Non.
749 3120 867 3181 449,
902 3121 967 3168 23
1013 3119 1317 3169 interfici
1369 3127 1425 3172 et
1472 3120 1645 3169 occidi
1696 3126 1751 3170 et
1792 3120 2113 3171 inanimalia
2159 3136 2317 3185 posse
2370 3124 2581 3171 veteres
2630 3118 2875 3183 (veteres

576 3202 737 3252 posse
771 3186 844 3250 v.)
891 3187 1197 3236 vehementi
1235 3189 1565 3238 auctoritate
1600 3193 1920 3253 posuerunt.
1991 3188 2219 3238 Plautus
2256 3215 2320 3223 —
2358 3186 2694 3238 Lucilius.

574 3255 757 3305 LVIII
825 3255 964 3306 Non.
1007 3257 1135 3318 449,
1183 3258 1248 3306 23
1295 3271 1337 3306 s.
1375 3254 1413 3305 l.
1465 3255 1779 3306 interfici
1822 3283 1889 3292 —
1936 3255 2177 3307 Lucilius
2227 3283 2280 3292 -—
2330 3255 2605 3319 Vergilius
2640 3282 2709 3292 —-
2748 3255 2872 3307 Sal-

465 3333 474 3342 *
574 3323 780 3374 Iustius
814 3349 879 3359 --
916 3322 1151 3374 Plautus
1185 3350 1251 3359 —
1287 3322 1610 3373 Lucilius.
1785 3323 1885 3372 LX
1947 3323 2148 3375 I’aulus
2193 3326 2258 3373 70
2320 3323 2644 3388 depuvere
2697 3323 2869 3388 (Scal.

577 3388 927 3456 depuvire)
951 3391 1201 3446 caedere.
1266 3389 1572 3441 Lucilius
1615 3416 1670 3425 -—
1712 3390 1766 3440 id
1802 3398 1886 3441 est
1909 3391 2219 3442 verberavit
2256 3407 2358 3455 me,
2398 3391 2541 3457 quod
2574 3392 2755 3456 ipsum
2794 3408 2869 3441 ex

578 3459 786 3509 Graeco
823 3464 922 3517 est,
961 3450 1077 3510 ἀπὸ
1114 3456 1216 3509 τοῦ
1251 3456 1466 3508 παίειν.
1645 3458 1772 3509 LXI
1834 3459 2038 3510 Paulus
2078 3461 2174 3509 132
2209 3459 2496 3510 mantisa
2531 3458 2865 3509 additamen-

577 3532 691 3576 tum
726 3527 928 3576 dicitur
963 3527 1153 3591 lingua
1185 3526 1384 3586 Tusca,
1422 3525 1563 3591 quod
1598 3526 1823 3591 ponderi
1858 3527 2120 3589 adicitur,
2165 3527 2258 3577 sed
2295 3527 2531 3577 deterius
2566 3533 2622 3576 et
2665 3523 2863 3591 [qnod]

577 3596 694 3645 sine
727 3594 841 3644 ullo
888 3610 992 3645 usu
1038 3600 1135 3644 est.
1205 3593 1511 3644 Lucilius
1565 3593 1854 3657 (Lucius
1889 3595 1936 3643 L
1976 3595 2119 3658 116)‹
2313 3594 2470 3643 LXII
2526 3594 2724 3664 Festus
2764 3596 2865 3643 142

576 3660 952 3726 mamphula
989 3662 1296 3727 appellatur
1330 3661 1486 3727 panis
1525 3660 1735 3725 Syriaci
1770 3677 1963 3727 genus,
2003 3662 2160 3728 quod,
2198 3668 2259 3711 ut
2281 3664 2361 3711 ait
2385 3662 2631 3723 Verrius,
2670 3663 2728 3711 in
2765 3662 2865 3711 cli-

575 3730 718 3779 bano
755 3735 1044 3793 antequam
1082 3736 1440 3795 percoquatur
1484 3728 1683 3779 decidit
1725 3730 1783 3779 in
1833 3730 2097 3780 carbones
2142 3730 2499 3795 cineremque,
2555 3730 2713 3780 cuius
2757 3745 2866 3779 me—

578 3797 737 3845 minit
769 3795 1095 3847 Lucilius.
1266 3797 1455 3848 LXIII
1512 3797 1714 3848 Festus
1753 3800 1846 3848 161
1901 3814 1993 3848 me
2040 3813 2136 3864 pro
2175 3796 2302 3847 mihi
2336 3797 2587 3847 dicebant
2622 3798 2865 3862 antiqui,

747 3976 824 4034 91
873 3973 1142 4030 Andronis
1174 3972 1321 4030 flacci
1351 3974 1434 4045 M,
1477 3976 1785 4032 Andronius
1816 3975 2001 4032 ssacchi
2032 3978 2159 4032 cdd.
2209 4005 2287 4015 -
2332 3975 2480 4048 leget
2511 3974 2867 4049 Scriverius,

577 4070 731 4136 teget
776 4081 825 4119 v.
985 4057 1063 4115 92
1111 4055 1365 4115 interficis
1410 4062 1497 4116 ed.
1546 4081 1601 4118 a.
1651 4060 1836 4133 1526,
1881 4059 2134 4116 interficit
2177 4062 2302 4117 cdd.
2455 4059 2533 4116 93
2580 4062 2869 4118 intereunt

578 4166 651 4219 v.‚
698 4145 989 4203 intereunti
1035 4144 1161 4199 cdd.
1211 4174 1291 4182 —
1336 4153 1465 4199 eunt
1518 4161 1732 4201 rursum
1777 4146 1903 4217 Dp,
1947 4153 2146 4201 cuntur
2187 4147 2337 4202 libri.
2492 4143 2571 4201 94
2616 4144 2872 4219 depuviit

581 4233 647 4303 G,
694 4233 741 4287 L
788 4230 935 4303 1163
984 4228 1204 4301 depavit
1249 4228 1401 4284 Mon.
1577 4229 1654 4286 95
1705 4230 1991 4287 obsonium
2038 4230 2228 4303 Guelf.
2390 4230 2470 4286 96
2515 4229 2740 4286 validam
2792 4252 2870 4308 ιι,

580 4315 744 4372 valida
790 4317 876 4371 ed.
1053 4312 1132 4371 98
1178 4312 1448 4386 impendet
1498 4316 1586 4369 cd.

497 4675 2059 5019 Aah
