3267 5075
813 333 1341 441 QuAEsrloNUM
1377 374 2211 470 LuolmANARUM'LIBER.
2479 384 2655 446 XVII

352 544 584 621 ingenii
620 561 689 602 ac
714 544 981 604 vanitate
1017 545 1175 604 hunc
1213 547 1283 603 ut
1317 544 1465 605 alios
1502 545 1644 621 quia
1677 564 1898 622 magna
1931 546 2280 606 ferebantur
2308 546 2472 607 fama
2497 547 2655 608 inter

354 652 537 711 initos
563 651 747 727 vulgo
773 654 1106 727 reponeret.
1153 653 1259 711 sed
1285 671 1361 711 ne
1389 653 1627 713 dubites
1650 655 1865 731 quarto
1895 654 2109 722 saltem
2137 655 2373 737 saeculo
2399 656 2464 713 in
2491 655 2656 715 scho-

356 758 434 816 lis
461 758 659 818 locum
678 776 1040 833 quamquam
1067 759 1348 842 exiguum
1366 759 1553 819 fuisse
1572 759 1802 819 Lucilio
1831 760 2089 835 primum
2108 759 2462 837 Hieronymi
2488 760 2656 820 testi-

356 863 572 937 monie,
602 841 760 939 quod
779 864 896 941 leg.
923 884 1024 941 pg.
1050 868 1173 926 189
1204 866 1296 925 ed.
1338 865 1532 939 huius,
1555 867 1979 943 comprobatur
2003 898 2078 908 —
2104 867 2176 926 de
2206 885 2274 927 eo
2294 868 2470 943 plura
2496 867 2656 927 dicta

358 971 423 1029 in
450 971 871 1030 commentario
905 1002 981 1013 —-
1016 971 1229 1030 deinde
1267 991 1338 1031 ea
1372 991 1439 1031 re
1474 961 1634 1048 quod
1673 977 1835 1034 certo
1873 974 2090 1033 scimus
2118 972 2370 1033 Ausonii
2405 972 2656 1049 idyllion

357 1076 454 1136 ΠΙ
489 1076 799 1137 Luciliano
834 1096 965 1137 esse
1002 1079 1343 1139 charactere
1380 1079 1791 1155 compositum.
1859 1082 2004 1157 quid
2038 1079 2267 1158 igitur?
2309 1079 2654 1155 putabimus

357 1185 625 1243 omnium
659 1184 927 1260 priorum
962 1185 1179 1261 viginti
1213 1186 1504 1245 librorum
1541 1188 1669 1246 eius
1697 1170 1973 1265 syllogen
2014 1189 2196 1248 etiam
2223 1190 2354 1246 tum
2380 1186 2566 1245 fuisse
2593 1186 2657 1243 in

357 1291 637 1351 manibus
660 1289 1009 1351 hominum?
1036 1292 1296 1366 minime,
1328 1293 1431 1351 sed
1460 1296 1531 1351 ut
1558 1292 1710 1371 Syri,
1740 1295 1828 1354 ita
1845 1294 2062 1354 Lucilii
2080 1293 2279 1354 extitit
2296 1293 2458 1351 haud
2478 1291 2656 1351 dubie

356 1399 710 1475 anthologia
736 1399 1043 1474 quaedam,
1074 1417 1226 1475 quae
1255 1399 1607 1478 scholarum,
1637 1400 1701 1459 in
1727 1402 1943 1477 quibus
1972 1402 2088 1460 teri
2116 1401 2391 1460 solebant
2418 1398 2655 1471 satirici,

359 1505 570 1564 usibus
591 1508 752 1564 esset
769 1505 1157 1565 commodata.
1204 1507 1348 1581 quid
1376 1510 1580 1566 autem
1605 1508 1670 1566 id
1696 1509 1915 1567 mirum
1933 1509 1997 1567 in
2015 1509 2192 1583 poeta
2217 1506 2321 1581 qui
2348 1507 2419 1564 ut
2446 1504 2660 1564 clarior

358 1611 480 1670 fuit
513 1612 705 1672 multo
741 1612 1052 1689 magisque
1078 1613 1270 1672 multo
1307 1614 1611 1689 popularis
1649 1615 1811 1691 apud
1838 1614 2133 1674 Romanos
2163 1613 2355 1672 Ennio
2392 1612 2469 1671 ab
2503 1630 2657 1670 anno

358 1738 419 1777 u.
448 1737 496 1778 c.
528 1720 658 1779 650
693 1738 801 1794 per
837 1719 956 1778 tria
993 1720 1231 1778 saecula
1264 1738 1593 1796 numquam
1628 1740 1662 1780 e
1699 1721 1975 1781 manibus
2013 1713 2319 1797 depo'situs
2357 1722 2452 1778 est
2476 1718 2661 1778 homi-

358 1823 550 1884 num?
592 1845 733 1885 nam
767 1844 843 1884 ne
879 1826 991 1886 hoc
1025 1827 1266 1902 quidem
1302 1845 1445 1887 casu
1476 1827 1704 1887 factum
1732 1827 2220 1899 existimabimus,
2258 1827 2417 1902 quod
2445 1825 2661 1885 Lucilii

360 1933 540 2008 plura
578 1933 885 2008 aliquanto
926 1933 1266 2008 fragmenta
1297 1952 1487 2009 quam
1527 1935 1707 1993 Ennii
1748 1935 1875 1995 sive
1915 1934 2182 1994 Lucretii
2222 1952 2330 1993 seu
2370 1932 2657 1992 Varronis

362 2039 630 2099 servavit
654 2038 904 2100 Nonius.

544 2145 660 2205 Sed
696 2141 769 2204 u't
802 2145 1030 2207 confido
1068 2165 1219 2223 quae
1249 2148 1322 2206 de
1350 2147 1698 2224 anthologia
1723 2146 2034 2206 Luciliana
2065 2147 2311 2223 exposui
2339 2147 2658 2223 probatum

361 2252 439 2310 iri
474 2240 768 2312 iudi'cibus
805 2253 1048 2327 idoneis,
1087 2254 1175 2313 ita
1207 2254 1622 2313 lubentissime
1659 2254 1925 2314 omnium
1959 2254 2245 2329 profiteor
2286 2286 2361 2295 -
2403 2254 2466 2313 id
2503 2254 2661 2330 quod

363 2359 623 2434 plurimo
652 2378 767 2419 usu
795 2378 929 2418 sum
957 2363 1237 2436 expertus
1274 2392 1348 2400 —
1383 2360 1702 2436 scriptores
1731 2364 1869 2435 post
1887 2360 2148 2420 Gellium
2176 2381 2431 2437 quorum
2459 2363 2666 2420 extant

363 2466 505 2524 libri
532 2485 684 2543 quae
712 2466 974 2545 afferunt
1000 2467 1074 2526 de
1102 2467 1333 2527 Lucilio
1361 2468 1632 2526 hausisse
1661 2487 1781 2528 non
1815 2486 1885 2525 ex
1912 2468 2042 2545 ipso
2073 2469 2177 2527 sed
2206 2487 2278 2527 ex
2305 2468 2437 2528 aliis
2466 2470 2665 2527 aucto-

364 2574 550 2632 ribus.
604 2577 669 2632 et
704 2575 965 2649 plurima
1000 2576 1239 2651 quidem
1278 2575 1687 2651 suppeditavit
1722 2575 1824 2634 ille
1852 2575 1985 2635 fons
2015 2576 2439 2652 grammaticae
2473 2576 2666 2634 erudi-

366 2681 548 2739 tionis
589 2681 693 2757 qui
736 2682 971 2751 saeculo
1013 2683 1204 2759 primo
1246 2703 1302 2758 p.
1346 2680 1451 2741 Oh.
1495 2686 1662 2743 ortus
1704 2683 1982 2758 irrigavit
2023 2682 2290 2741 eiusdem
2327 2683 2666 2760 argumenti

367 2788 591 2863 scripta
626 2789 1026 2864 posteriorum
1062 2793 1400 2866 temporum
1436 2809 1625 2865 paene
1655 2790 1870 2850 omnia.
1933 2808 2062 2848 rem
2089 2790 2356 2849 declarat
2381 2790 2665 2849 mirificus

367 2913 547 2970 saepe
566 2914 889 2955 consensus
913 2899 985 2954 ut
1004 2896 1305 2956 doctrinae
1325 2897 1412 2956 ita
1430 2897 1852 2972 exemplorum.
1901 2898 2213 2971 praeterea
2241 2916 2312 2955 ex
2339 2897 2664 2955 illustrium

367 3005 433 3059 et
465 3002 650 3078 vulgo
686 3005 964 3062 notorum
1000 3006 1312 3063 auctorum
1347 3006 1418 3062 ut
1443 3003 1523 3062 M.
1553 3003 1739 3062 Tullii
1772 3003 1943 3062 libris
1980 3004 2141 3062 haud
2174 3021 2363 3079 pauca
2390 3004 2465 3062 ad
2494 3003 2667 3062 Luci-

365 3108 517 3166 lium
543 3108 906 3183 pertinentia
933 3108 1176 3169 fluxisse
1202 3111 1266 3169 in
1294 3109 1518 3185 scripta
1544 3109 1743 3168 ultimi
1770 3110 1903 3169 aevi
1933 3110 2032 3170 vix
2061 3112 2155 3168 est
2181 3104 2340 3186 quod
2367 3111 2574 3170 dicam.

548 3214 678 3272 Iam
722 3214 1135 3274 disserendum
1189 3216 1264 3275 de
1310 3216 1546 3276 homine
1593 3236 1771 3293 quem
1816 3235 2141 3294 numquam
2188 3217 2335 3299 satis
2381 3218 2667 3291 poterunt

368 3321 643 3381 venerari
669 3325 942 3381 amantes
971 3321 1201 3395 Lucilii,
1240 3321 1546 3383 Nonium
1581 3325 1712 3384 dico
1749 3323 2192 3396 Marcellum,
2230 3324 2335 3399 qui
2362 3324 2542 3384 tertio
2571 3324 2668 3383 vel

368 3432 586 3504 quarto
613 3447 671 3503 p.
692 3425 831 3493 Chr.
859 3428 1009 3488 vixit
1036 3430 1289 3489 saeculo.
1337 3431 1442 3489 sed
1471 3432 1629 3490 enim
1656 3433 1727 3489 ut
1752 3431 2017 3490 breviter
2041 3430 2138 3489 hic
2167 3432 2230 3489 et
2257 3431 2461 3490 stricte
2490 3449 2668 3508 agam

368 3534 445 3594 de
474 3553 545 3595 eo
573 3536 683 3594 hac
708 3553 776 3592 re
803 3534 1077 3609 efficitur,
1107 3537 1279 3611 quod,
1310 3555 1445 3594 cum
1468 3537 1700 3611 pridem
1728 3540 1961 3596 constet
1986 3537 2146 3612 apud
2175 3537 2440 3596 animum
2467 3556 2667 3596 meum

370 3644 562 3700 totam
600 3642 728 3700 eius
765 3642 1042 3719 syllogen
1069 3644 1278 3702 eadem
1305 3645 1436 3702 arte
1463 3663 1583 3720 qua
1616 3663 1774 3703 nunc
1801 3643 2017 3702 Lucilii
2048 3644 2390 3722 fragmenta
2416 3644 2670 3720 perpoli-

371 3750 497 3805 tam
524 3747 720 3808 denuo
750 3736 941 3823 edere,
970 3750 1147 3825 plura
1173 3751 1247 3809 de
1275 3730 1484 3808 eadem
1509 3750 1574 3808 in
1599 3750 2037 3829 prolegomenis
2066 3754 2245 3809 erunt
2269 3752 2667 3826 proponenda.

548 3853 749 3931 Igitur
792 3873 1000 3914 eorum
1046 3856 1148 3931 qui
1194 3854 1466 3915 Caesaris
1515 3859 1576 3915 et
1620 3855 1885 3933 Augusti
1931 3857 2298 3934 temporibus
2341 3856 2669 3917 floruerant

372 3960 916 4035 grammaticorum,
944 3940 1076 4021 tum
1094 3960 1426 4022 Proborum
1445 3966 1506 4023 et
1521 3963 1852 4023 Pliniorum
1873 3965 1938 4022 efi
1954 3962 2383 4023 Caeselliorum
2401 3949 2671 4024 doctrina

375 4066 553 4126 variis
593 4067 806 4127 rivulis
849 4068 1105 4128 deducta
1152 4070 1326 4128 fiuxit
1372 4070 1438 4127 in
1487 4070 1833 4131 adversaria
1868 4069 2065 4130 Nonii.
2138 4070 2294 4130 hunc
2332 4074 2402 4130 ut
2438 4074 2672 4133 constat

375 4175 535 4232 certo
556 4171 737 4232 Gellii
764 4175 1080 4235 thesauros
1107 4176 1171 4234 in
1196 4195 1373 4235 usum
1402 4195 1577 4235 suum
1604 4177 1970 4237 convertisse
1998 4196 2118 4238 non
2146 4177 2273 4236 sine
2302 4178 2437 4239 dolo
2462 4209 2537 4219 —
2562 4197 2671 4238 nec

376 4278 531 4338 enim
566 4299 856 4356 umquam
882 4281 1112 4363 profert
1139 4282 1267 4342 eius
1293 4301 1510 4341 nomen
1543 4313 1641 4358 ——,
1679 4284 1766 4342 ita
1801 4284 2084 4360 pleraque
2121 4284 2384 4360 glosaria
2420 4288 2484 4345 et
2518 4304 2672 4345 com·

375 4387 668 4446 mentaria
686 4388 908 4446 saeculi
926 4388 1326 4463 Frontoniani,
1357 4390 1453 4448 cui
1471 4409 1606 4449 cum
1623 4393 1898 4450 auctores
1918 4391 2362 4466 antiquissimos
2392 4411 2464 4451 ex
2489 4393 2670 4468 longo

480 4485 528 4526 G.
554 4487 709 4527 Lucili
737 4491 881 4527 natur.
907 4488 987 4528 rel.
2206 4489 2243 4543 b
