3267 5075
910 433 914 438 ,
998 392 1452 450 TESTIMONIA
1488 392 1584 449 DE
1624 392 1930 451 memo,
2228 358 2235 365 ⁵
2477 394 2606 460 291

318 562 445 617 mihi
488 577 599 616 non
646 560 863 617 videtur
892 559 1130 617 dubium.
1178 592 1262 603 ——
1308 560 1584 618 fatendum
1617 571 1793 618 tamen
1839 564 1893 617 in
1924 559 2070 617 tanta
2099 561 2450 636 reliquiarum
2478 581 2610 637 pau·

315 648 474 703 citate
528 647 846 701 memoriam
897 646 1040 702 illius
1097 648 1322 720 reperiri
1380 645 1599 702 nullam.
1695 645 1798 705 sed
1853 654 2037 720 aperte
2103 654 2316 722 spectat
2368 647 2433 703 ad
2492 666 2610 704 eam

317 730 549 786 alterum
605 732 977 805 pragmaticon
1034 731 1616 805 Accii.sragmentum.
1678 762 1755 771 —
1813 731 1867 788 5.
1925 734 2103 788 multa
2163 749 2293 789 cum
2343 734 2611 790 libertate

317 817 630 879 notabant;
673 832 743 871 ne
786 817 1002 872 nomina
1048 815 1266 889 quidem
1296 816 1541 888 silenteS,
1586 815 1734 889 quod
1779 824 1831 872 et
1861 818 2039 891 ipsum
2084 818 2325 873 imitatur
2351 815 2608 874 Lucilius,

315 931 400 941 —
445 899 508 957 6.
557 899 614 956 7.
682 902 819 957 hinc
864 904 1043 958 omnis
1080 902 1295 974 pendet
1323 901 1596 971 LuciliuS,
1643 902 1815 958 hosce
1848 908 2084 958 secutus
2112 906 2609 960 mutatis'tantum

317 989 575 1042 numeris
613 987 972 1060 pedibusque
985 1011 1003 1050 ;
1057 987 1214 1041 nimis
1271 1002 1385 1041 rem
1435 992 1730 1060 exaggerat
1775 985 2064 1055 Horatius;
2118 1004 2239 1043 nam
2294 988 2453 1043 etiam
2508 987 2610 1044 alia

318 1069 459 1133 haud
503 1086 673 1144 pauca
728 1087 865 1144 quae
919 1087 1030 1126 non
1086 1070 1149 1126 ad
1194 1069 1456 1145 carpenda
1500 1071 1693 1126 civium
1751 1072 1874 1126 vitia
1929 1078 1986 1126 et
2029 1061 2384 1146 corrigendos
2428 1089 2608 1128 mores

315 1155 659 1230 pertinerent
702 1156 758 1210 in
787 1155 975 1211 Lucilii
1004 1157 1201 1212 saturis
1232 1153 1403 1211 suere.
1477 1163 1756 1228 praeterea
1799 1155 2020 1211 archaea
2048 1156 2351 1213 Atticorum
2394 1174 2610 1214 comoe-

316 1239 400 1295 dia
446 1255 770 1314 quamquam
816 1244 872 1298 et
913 1241 1028 1314 ipsa
1075 1239 1398 1314 castigandis
1442 1241 1636 1296 civium
1681 1238 1921 1295 moribus
1963 1238 2066 1297 suit
2096 1241 2383 1314 destinata,
2430 1250 2609 1298 tamen

309 1316 491 1380 libero
536 1325 790 1398 ingressu
834 1326 890 1380 in
935 1324 1170 1382 alienum
1214 1332 1272 1380 et
1317 1333 1376 1381 ut
1420 1326 1492 1380 ita
1524 1323 1694 1381 dicam
1741 1324 1978 1399 purioris
2009 1326 2243 1383 aetheris
2290 1344 2390 1383 nos
2437 1336 2610 1383 trans-

316 1407 463 1465 ferre
511 1417 651 1465 amat
697 1408 915 1480 orbem,
968 1417 1023 1487 at
1065 1409 1303 1466 Romana
1358 1411 1520 1465 satira
1575 1416 1782 1483 perstat
1827 1409 1942 1466 fere
1987 1411 2043 1466 in
2089 1412 2225 1467 vitae
2270 1411 2609 1485 quotidianae

316 1493 479 1549 rebus
541 1501 597 1549 et
651 1493 960 1550 hominibus
1013 1493 1403 1570 proponendis
1503 1495 1686 1568 itaque
1740 1495 2090 1552 mordacitate
2158 1498 2497 1569 potissimum
2557 1505 2611 1552 et

317 1576 573 1634 libertate
615 1578 804 1634 similis
849 1579 1225 1654 Aristophanis
1256 1576 1511 1636 Lucilius».
1558 1609 1642 1618 —-
1686 1583 1918 1636 mutatis
1962 1589 2182 1638 tantum
2220 1583 2464 1654 pedibus
2506 1600 2611 1638 nu-

313 1667 625 1736 merisque,
674 1665 797 1736 quia
842 1661 1063 1720 Flaccus
1109 1681 1232 1720 cum
1275 1662 1551 1738 plerisque
1580 1662 1943 1733 Romanorum
1989 1667 2238 1739 exiguam
2282 1662 2366 1722 v'el
2410 1666 2609 1737 nullam

315 1747 558 1804 habuere
614 1750 881 1804 rationem
935 1749 1285 1805 iambicorum
1343 1757 1399 1805 et
1467 1748 1861 1805 trochaicorum
1925 1748 2116 1806 Lucilii
2180 1749 2460 1807 librorum.
2529 1782 2610 1791 —

316 1833 371 1889 7.
436 1833 716 1905 facetus3
767 1835 844 1889 ita
887 1841 990 1890 sat.
1038 1833 1081 1888 X
1133 1834 1322 1906 suerit
1364 1833 1655 1907 Laeuina,
1700 1838 1964 1907 inquam,
2011 1840 2186 1892 comis
2229 1842 2284 1892 et
2328 1838 2607 1894 urbanus.

315 1926 369 1974 et
415 1917 782 1974 urbanitatem
826 1916 1018 1976 Lucilii
1063 1920 1266 1993 passim
1319 1917 1566 1974 laudibus
1610 1917 1854 1974 extulere
1900 1918 2105 1975 Tullius
2162 1928 2217 1975 et
2271 1923 2444 1977 secuti
2488 1938 2611 1977 eum

315 2002 589 2077 plerique.
626 2033 709 2043 —-
755 2001 814 2058 8.
861 2010 1160 2062 emunctae
1190 2006 1357 2060 naris
1368 2027 1387 2067 ,·
1429 2002 1572 2058 idem
1601 2002 1717 2059 fere
1748 2004 1853 2059 hoc
1882 2002 2004 2060 loco
2034 2002 2369 2077 significatur
2398 2005 2611 2077 Flacco,

314 2089 449 2143 citra
497 2096 678 2143 tamen
725 2104 937 2146 omnem
980 2086 1337 2167 hyperbolen,
1388 2087 1535 2161 quod
1565 2086 1739 2144 Plinio
1771 2105 1892 2144 cum
1924 2089 2055 2146 dicit
2086 2091 2320 2163 primum
2349 2089 2612 2146 Lucilium

314 2171 631 2228 condidisse
674 2172 788 2228 stili
830 2190 1040 2230 nasum.
1114 2174 1187 2228 ita
1232 2181 1287 2228 et
1332 2171 1555 2230 Martial.
1602 2171 1641 2242 1,
1678 2172 1713 2229 3
1761 2172 1827 2229 de
1868 2173 2175 2230 hominibus
2218 2173 2431 2232 subtilis
2476 2177 2614 2249 pari-

315 2264 402 2314 ter
448 2274 513 2313 ac
559 2254 791 2313 difficilis
835 2258 1047 2315 iudicii:

579 2388 809 2443 maiores
854 2404 1120 2463 nusquam
1163 2386 1421 2457 rhonchi‚
1465 2387 1795 2460 iuvenesque
1837 2405 2104 2462 senesque

579 2481 635 2527 et
677 2474 829 2547 pueri
875 2488 1031 2529 nares
1076 2473 1435 2528 rhinocerotis
1478 2469 1694 2527 habent.

317 2620 567 2669 ceterum
612 2619 804 2667 notum
847 2619 994 2682 est‚·
1021 2627 1180 2684 quam
1222 2609 1449 2666 ridicule
1492 2610 1913 2688 philologorum·
1958 2611 2204 2686 plerique
2247 2612 2483 2670 dictione
2524 2613 2618 2669 illa

318 2714 481 2772 quam
530 2713 690 2752 nemo
735 2694 981 2752 adhibuit
1023 2704 1150 2770 post
1192 2695 1469 2752 Horatium
1513 2704 1739 2770 excepto
1797 2698 1889 2769 qui
1934 2705 2117 2770 aperto
2167 2697 2420 2754 exscribit
2462 2697 2616 2753 illum

243 2822 252 2868 3
315 2781 570 2838 Phaedro
619 2775 734 2858 [nl‚
781 2780 840 2851 3,
891 2774 997 2856 14]
1045 2779 1196 2836 abusi
1242 2781 1368 2836 sint.
1443 2797 1638 2855 nempe
1682 2780 1816 2837 adeo
1862 2780 2005 2855 apud
2046 2781 2349 2839 Harlesium
2391 2784 2447 2838 in
2491 2784 2616 2838 vitis

318 2859 734 2942 philologorum
779 2864 887 2938 llll,
920 2865 1042 2921 242
1086 2863 1324 2921 Reitzius
1369 2864 1437 2921 de
1469 2865 1878 2922 Hemsterhusio
1924 2865 2033 2922 ‘cui
2078 2876 2274 2942 quanta
2318 2883 2440 2923 cum
2485 2884 2617 2923 cura
2667 2858 2672 2861 ’

317 2968 481 3008 nares
526 2952 673 3025 ipsae
717 2950 897 3006 Musae
941 2951 1298 3023 emunxerint,
1343 2958 1461 3007 tute
1505 2950 1752 3006 novisti?
1804 2980 1889 2992 —-·
1945 2951 2004 3008 8.
2052 2952 2108 3008 9.
2175 2955 2359 3009 durus
2403 2969 2616 3023 conpo-

319 3052 467 3095 nere
512 3052 747 3100 versus;
789 3053 923 3093 nam
963 3035 1081 3107 suit
1122 3036 1233 3092 hoc
1277 3038 1541 3099 vitiosus;
1584 3035 1657 3091 cs.
1707 3034 1804 3107 10,
1844 3035 2034 3106 1—3;
2081 3036 2151 3092 ib.
2184 3036 2467 3107 56—61;
2514 3038 2619 3093 hoc
2684 3025 2697 3040 ⁸

317 3122 583 3178 iudicium
629 3119 776 3195 quod
820 3120 884 3177 ad
929 3118 1220 3194 dactylicos
1264 3118 1454 3176 Lucilii
1497 3119 1664 3198 libros
1708 3122 1946 3194 pertinet
1976 3137 2169 3178 vereor
2211 3137 2279 3178 ne
2322 3124 2396 3178 sit
2439 3123 2616 3178 minus

317 3223 576 3281 aequum.
650 3223 772 3261 nam
816 3213 1033 3279 praeter
1072 3205 1415 3262 hexametros
1445 3206 1799 3279 paucissimos
1845 3222 2065 3262 caesura
2095 3215 2339 3263 carentes
2381 3215 2435 3262 et
2466 3222 2617 3279 aspc-

318 3294 468 3349 riora
502 3291 764 3366 quaedam
794 3291 1054 3365 synizesis
1086 3289 1330 3364 exempla
1361 3298 1416 3346 et
1447 3290 1708 3362 elisioniS‚
1755 3289 1951 3364 quibus
1997 3291 2257 3347 accedunt
2300 3307 2411 3347 non
2457 3292 2615 3345 nimis

322 3394 453 3434 raro
499 3375 789 3450 spondiaca
835 3374 1092 3432 vocabula
1135 3373 1434 3431 secundum
1477 3374 1670 3449 pedem
1715 3375 1984 3449 explentia
2037 3375 2120 3431 vel
2161 3374 2458 3449 productae
2503 3377 2620 3430 iure

324 3477 587 3518 caesurae
632 3476 734 3516 seu
779 3458 915 3517 finiti
959 3476 1151 3516 sensus
1196 3457 1383 3516 finales
1426 3466 1483 3516 et
1525 3461 1763 3516 minores
1807 3459 2064 3534 quaedam
2104 3459 2444 3531 insolentiae,
2491 3459 2641 3538 quid·

323 3555 624 3621 tantopere
665 3547 722 3601 in
765 3546 1005 3603 numeris
1032 3544 1317 3601 Lucilianis
1360 3543 1697 3618 displicuerit
1737 3561 1848 3601 non
1891 3544 2069 3615 video,
2113 3546 2206 3618 qui
2249 3545 2378 3600 mihi
2419 3561 2620 3617 nequa-

321 3649 487 3707 quam
519 3631 772 3687 videntur
801 3629 1024 3686 sordere
1054 3629 1282 3686 multum
1313 3645 1440 3703 prae
1471 3629 1679 3685 Horatii
1708 3639 2039 3699 saturarum3
2075 3646 2302 3703 quarum
2331 3646 2462 3685 sane
2491 3637 2621 3685 sunt

321 3717 499 3774 multo
545 3716 724 3773 minus
764 3715 932 3771 limati
978 3731 1038 3770 ac
1080 3717 1212 3771 tersi
1242 3731 1403 3789 quam
1432 3715 1805 3789 epistularum.
1879 3714 2113 3771 fortasse
2159 3723 2337 3771 tamen
2380 3715 2482 3770 ista
2509 3730 2621 3769 non

323 3810 435 3858 tam
479 3802 758 3876 pertinent
800 3800 865 3857 ad
908 3798 1168 3855 Lucilium
1214 3799 1538 3873 carpendum
1584 3791 1743 3873 quam
1796 3798 1861 3855 ad
1905 3799 2355 3875 perstringendos
2401 3798 2620 3871 oblique

322 3887 537 3945 Horatii
584 3885 886 3959 aequalium
932 3901 1027 3941 eos
1068 3886 1162 3958 qui
1190 3886 1350 3940 nimia
1380 3883 1569 3941 Lucilii
1601 3884 1952 3940 admiratione
1981 3901 2102 3940 cum
2134 3893 2455 3941 tenerentur
2496 3884 2622 3939 vitia

321 3974 513 4047 potius
557 3972 676 4028 eius
721 3988 880 4044 quam
925 3972 1153 4026 virtutes
1196 3969 1478 4026 imitandas
1518 3968 1618 4025 sibi
1648 3969 1926 4025 ducerent.
1973 4000 2055 4009 ——
2101 3969 2159 4027 9.
2211 3969 2308 4027 10.
2369 3973 2428 4025 in
2471 3969 2621 4024 hora

323 4073 508 4131 saepe
548 4058 830 4113 ducentos
871 4062 934 4113 ut
976 4073 1243 4128 maynum
1287 4070 1491 4112 versus
1532 4055 1787 4110 dictabat
1816 4061 1981 4111 stans
2002 4056 2154 4126 pede
2183 4058 2241 4110 in
2273 4069 2406 4110 uno.
2462 4054 2622 4108 etiam

325 4144 418 4199 hic
462 4142 645 4198 minus
688 4149 838 4197 recte
881 4139 1129 4196 Flaccum
1178 4140 1244 4195 de
1288 4138 1496 4195 Lucilio
1541 4138 1806 4195 iudicasse
1848 4139 2119 4195 existimo.
2211 4139 2409 4211 quippe
2455 4153 2624 4209 prona

328 4236 417 4283 est
462 4227 698 4300 suspitio
755 4225 904 4281 illum
962 4224 1122 4281 verba
1177 4225 1338 4280 huius
1396 4222 1590 4299 quibus
1647 4223 1756 4280 tale
1813 4222 2012 4297 aliquid
2069 4222 2135 4278 de
2192 4238 2250 4278 se
2293 4220 2626 4295 praedicaret

323 4312 468 4367 male
513 4327 637 4368 esse
679 4312 1094 4385 interpretatum
1144 4310 1254 4382 ita,
1312 4317 1373 4365 ut
1414 4325 1700 4365 numerum
1743 4307 1954 4365 finitum
2000 4307 2278 4380 crederet,
2339 4307 2431 4379 qui
2475 4313 2625 4361 esset

324 4398 545 4474 positus
603 4412 704 4469 pro
761 4397 951 4467 quovis
1012 4392 1254 4465 infinit03
1323 4403 1384 4451 ut
1438 4391 1562 4449 alibi
1618 4403 1701 4450 est
1767 4393 1909 4468 apud
1976 4392 2208 4447 eundem
2267 4409 2509 4465 quorum
2564 4385 2658 4447 in’

2093 4489 2200 4543 19*
