3267 5075
672 373 802 437 238
1629 373 1848 428 LOEER
1883 373 2002 428 XV.

674 558 702 594 a
748 539 986 594 Varrone
1029 539 1085 596 d.
1118 540 1158 595 l.·
1184 539 1242 595 1..
1278 540 1339 609 V,
1377 539 1527 607 118;
1574 557 1661 612 ap.
1705 538 1933 595 Nonium
1983 547 2155 594 tamen
2202 538 2323 596 547
2371 540 2426 595 in
2469 540 2629 597 huius
2671 539 2914 612 parilerac

677 625 926 679 Varronis
971 624 1145 679 ven-his
1180 625 1379 698 legitur
1411 628 1698 681 trulleum.
1746 653 1820 662 —
1870 624 2017 696 quod
2047 633 2235 680 contra
2267 625 2321 679 in
2355 624 2572 680 Catonis
2620 623 2769 697 l'rgm.
2798 622 2914 696 quod

671 715 820 764 extat
863 726 947 782 ap.
994 709 1212 765 Festum
1264 709 1381 766 169
1427 726 1474 765 s.
1509 727 1557 765 v.
1615 714 1969 779 nassiterna,
2016 707 2360 764 scribendum
2404 712 2630 779 trulias,
2672 724 2773 764 non
2798 707 2914 781 quod

674 791 948 867 Scaligero
994 793 1194 866 placuit
1236 796 1494 850 trulleos.
1571 796 1783 849 trulius
1823 809 1922 865 pro
1971 795 2192 849 truleus
2223 801 2285 847 ut
2312 793 2549 863 labium,
2591 796 2725 850 tutia
2765 791 2824 847 al.
2853 821 2914 830 —

672 876 868 932 deinde
911 878 1154 933 Salmasii
1197 879 1538 933 coniecturae
1581 875 2016 949 adstipulandum
2061 876 2209 947 duxi,
2238 878 2351 949 qui
2395 893 2453 931 ea
2497 893 2634 950 quae
2674 884 2793 932 sunt
2829 884 2917 933 sto-

673 966 807 1031 miS,
855 980 967 1034 pro
1010 964 1243 1018 stomide
1273 956 1545 1018 restituit.
1633 978 1744 1016 non
1787 962 1929 1016 enim
1983 977 2148 1030 curo,
2206 961 2355 1034 quod
2408 962 2465 1017 in
2510 960 2679 1035 glosis
2729 959 2917 1016 Labbaei

672 1062 740 1101 ex
785 1048 1117 1102 onomastico
1163 1046 1396 1119 quodam
1441 1046 1608 1101 latino
1655 1060 1850 1119 graeco
1894 1047 2123 1118 petitum
2169 1045 2372 1118 legitur
2414 1050 2684 1117 postomis
2723 1038 2917 1126 ἐπιστρ-

674 1126 804 1201 uls:
848 1147 972 1186 nam
1017 1138 1076 1186 ut
1120 1130 1259 1186 absit
1303 1130 1478 1186 mendi
1526 1131 1779 1203 suspitio,
1824 1138 2056 1202 potuere
2099 1131 2307 1185 auctori
2349 1130 2499 1186 illius
2531 1144 2650 1187 esse
2678 1129 2836 1187 fraudi
2873 1136 2919 1182 ut

675 1231 835 1287 saepe
881 1214 1055 1270 medio
1100 1231 1231 1270 aevo
1277 1216 1454 1270 evenit
1484 1221 1736 1287 corrupta
1783 1213 1940 1271 Nonii
1971 1213 2310 1288 exemplaria.
2358 1246 2444 1256 —
2487 1231 2587 1270 nec
2624 1221 2918 1287 compertum

673 1299 803 1354 mihi
849 1298 1117 1371 quodnam
1163 1298 1294 1354 illud
1338 1300 1410 1354 sit
1453 1298 1665 1355 lexicon
1709 1306 1894 1367 vetus,
1949 1299 2004 1353 in
2050 1314 2160 1371 quo
2217 1297 2452 1355 affirmet
2494 1298 2666 1355 Dousa
2720 1299 2847 1355 hunc
2883 1314 2920 1349 v.

675 1385 748 1438 ita
792 1382 951 1438 scribi
992 1384 1332 1453 postomides
1376 1385 1513 1439 huic
1555 1385 1626 1439 de
1671 1384 1916 1438 naribus
1956 1386 2216 1456 inqentes
2251 1386 2510 1453 pendent
2522 1408 2542 1446 ,·
2588 1382 2721 1439 unde
2751 1383 2828 1437 hic
2853 1396 2919 1436 re·

677 1466 1012 1540 lingebat‘p.
1059 1468 1117 1523 Ιι.
1164 1471 1201 1523 i.
1248 1469 1318 1523 de
1361 1468 1588 1524 naribu’
1627 1469 1906 1538 pendent,
1952 1466 2126 1523 deleta
2172 1484 2305 1523 voce
2349 1471 2617 1525 trulleuS.

685 1560 692 1569 '
847 1552 904 1611 7.
981 1553 1379 1617 cerebrosum3
1426 1551 1554 1607 Hor.
1599 1559 1703 1607 sat.
1737 1552 1777 1622 l,
1809 1552 1869 1623 5,
1903 1550 1984 1608 20
2026 1555 2253 1625 iamque
2297 1554 2419 1609 dies
2448 1554 2676 1625 aderat,
2718 1553 2794 1607 nil
2819 1566 2921 1606 cum

673 1638 995 1709 procedere
1021 1640 1253 1694 lintrem
1282 1640 1577 1706 sentimuS,
1620 1637 1802 1692 donec
1847 1636 2190 1692 cerebrosus
2210 1640 2443 1709 prosilit
2472 1653 2625 1693 tenus
2665 1653 2735 1692 ac
2764 1638 2924 1692 mulae

676 1730 1005 1794 nautaeque
1050 1729 1230 1792 caput
1271 1723 1603 1795 lumbosque
1646 1723 1869 1794 saliqno
1909 1720 2071 1793 fuste
2114 1723 2292 1777 dolat.

659 1826 664 1833 ’
846 1807 905 1863 8.
978 1808 1044 1862 Χ
1058 1807 1173 1863 VII
1210 1806 1355 1879 quod
1401 1823 1510 1862 uno
1555 1805 1679 1863 loco
1712 1813 1935 1861 tuentur
1964 1804 2301 1861 membranae
2330 1823 2396 1862 ex
2438 1813 2702 1880 sequente
2730 1807 2923 1862 vilicum

677 1893 941 1965 originem
989 1892 1167 1946 traxit.
1217 1921 1299 1933 —-
1343 1907 1548 1946 comma
1579 1891 1739 1963 posui
1768 1897 1894 1962 post
1922 1890 2357 1948 Aristocratem.
2430 1907 2553 1946 uam
2585 1889 2924 1946 mediastrinus

677 1976 855 2031 differt
910 1993 939 2030 a
983 1975 1160 2032 vilico.
1247 1975 1315 2031 cf.
1362 1975 1488 2030 llor.
1540 1991 1625 2047 ep.
1673 1975 1717 2046 Ι,
1751 1972 1850 2045 14,
1887 1973 1985 2045 14,
2020 1973 2116 2030 15.
2164 1976 2346 2049 ,apud
2403 1974 2745 2030 Columellam
2789 1971 2924 2028 habes

677 2060 738 2121 ΙΙ.
773 2059 875 2129 23,
910 2060 944 2115 7
986 2076 1160 2131 posse
1190 2078 1392 2133 aqrum
1422 2060 1799 2115 ducentorum
1828 2062 2085 2132 iuqerum
2124 2058 2308 2133 subiqi
2346 2061 2570 2116 duobus
2609 2062 2753 2132 iuqis
2790 2059 2927 2114 boum

679 2146 1016 2216 totidemque
1072 2145 1334 2200 bubulcis
1388 2151 1448 2199 et
1495 2159 1605 2200 sex
1668 2145 2040 2199 mediastinis.
2098 2172 2180 2183 --
2235 2143 2391 2199 facile
2446 2151 2627 2200 autem
2680 2151 2737 2198 ut
2790 2156 2926 2214 spero

677 2227 993 2301 probabitur
1035 2227 1298 2285 iudicibus
1344 2229 1551 2302 peritis,
1599 2227 1748 2300 quod
1792 2227 1939 2282 nolui
1985 2229 2225 2301 recipere
2269 2227 2404 2283 illud
2447 2231 2809 2285 mediastinus
2844 2241 2927 2298 pro

678 2330 743 2368 eo
790 2312 934 2385 quod
983 2313 1270 2386 quinquies
1315 2329 1423 2368 non
1469 2314 1647 2369 minus
1691 2312 1892 2386 legitur
1933 2313 1989 2368 in
2034 2311 2282 2367 omnibus
2328 2312 2604 2368 codicibus
2647 2312 2796 2367 Nonii
2833 2325 2927 2365 me·

676 2400 1015 2468 diastrinuS,
1062 2405 1432 2471 praeterquam
1478 2396 1624 2469 quod
1657 2396 1779 2453 479
1826 2396 2098 2452 invenitur
2140 2400 2532 2454 meiastrinus.
2610 2406 2663 2452 et
2706 2395 2929 2451 addicunt

678 2482 910 2557 glosaria
954 2480 1210 2556 Labbaei,
1257 2483 1310 2538 in
1359 2480 1555 2557 quibus
1601 2489 1685 2539 est
1730 2483 2129 2539 mediestrinus
2166 2475 2518 2558 περιχύτης,
2566 2482 2754 2538 omissa
2795 2495 2926 2560 pror·

678 2585 772 2622 sus
817 2567 986 2623 altera
1029 2567 1230 2636 sorma3
1286 2557 1469 2623 eadem
1524 2566 1647 2622 alibi
1706 2568 1969 2623 incertum
2017 2584 2174 2640 quam
2219 2576 2397 2640 recte,
2455 2567 2553 2623 sed
2606 2568 2785 2640 utique
2833 2580 2928 2618 ser-

679 2661 794 2707 vata
842 2672 875 2707 r
918 2657 1225 2709 mestrinus
1265 2642 1624 2726 παραχύτης.
1671 2680 1757 2692 -·
1799 2659 2041 2706 ceterum
2072 2651 2332 2707 vocabulo
2379 2651 2527 2726 quod
2560 2659 2644 2706 est
2675 2651 2928 2707 mediasti-

678 2754 789 2793 nus
833 2738 1006 2792 utitur
1053 2736 1180 2792 nor.
1230 2754 1315 2811 cp.
1366 2738 1408 2808 l,
1439 2736 1540 2807 23,
1575 2736 1673 2791 14.

850 2822 906 2878 9.
983 2826 1082 2893 qui
1123 2823 1156 2876 i.
1202 2839 1247 2877 e.
1296 2838 1498 2895 quare.

851 2907 946 2963 10.
1018 2911 1243 2976 primus
1276 2937 1350 2946 —
1382 2907 1672 2963 secundus
1701 2935 1781 2944 —
1814 2907 2034 2976 tertiuS,
2067 2907 2140 2961 ita
2171 2905 2291 2963 alibi
2322 2908 2614 2963 commoda
2645 2911 2929 2978 praeterea

567 3067 580 3077 .
669 2993 901 3062 patriai
942 2995 1135 3062 prima
1182 2986 1432 3062 putare,
1500 2992 1701 3047 deinde
1755 2999 2098 3064 parentum,
2167 2993 2337 3047 tertia
2391 2994 2507 3047 iam
2559 2999 2932 3063 postremaque

678 3083 899 3133 nostra.
947 3104 1029 3114 —
1069 3079 1327 3147 plurest;
1370 3078 1448 3132 sic
1490 3076 1628 3132 idem
1670 3078 1846 3147 plur-e
1884 3076 2058 3149 foras
2104 3077 2372 3132 vendunt.

853 3160 950 3216 11.
989 3159 1465 3232 ‘Syropleoenim
1519 3161 1573 3215 h.
1622 3177 1671 3217 e.
1721 3161 1813 3233 qui
1859 3162 2059 3234 pariter
2103 3160 2364 3233 Syrorum
2408 3161 2698 3234 nequitiam
2741 3176 2797 3215 ac
2838 3157 2934 3212 vili·

680 3255 844 3303 tatem
890 3254 945 3301 et
988 3244 1315 3301 Phoenicum
1360 3246 1627 3300 avaritiam
1676 3254 1733 3300 et
1774 3244 2050 3319 perfidiam
2107 3243 2401 3301 exhiberet.
2488 3247 2562 3300 ita
2608 3245 2842 3300 Cleonem
2883 3249 2932 3294 ut

678 3333 731 3387 in
763 3348 829 3387 eo
858 3331 1021 3387 simul
1044 3329 1445 3403 Paphlagonum
1473 3329 1842 3402 stupiditatem
1874 3337 1930 3384 et
1959 3330 2309 3385 coriariorum
2340 3328 2751 3385 inurbanitatem
2774 3328 2933 3382 inesse

680 3416 1077 3473 demonstraret
1106 3408 1650 3490 βυρσοπαφλαγόνα
1682 3413 1815 3469 dixit
1843 3415 2234 3487 Aristophanes
2264 3430 2349 3488 eq.
2383 3412 2497 3478 47;
2540 3421 2597 3470 et
2625 3413 2933 3483 similia-pas·

680 3502 780 3556 sinn
824 3502 1011 3557 comici
1056 3502 1273 3556 vetusti.

855 3602 950 3657 12.
1027 3611 1116 3658 ter
1158 3618 1289 3676 sex,
1336 3608 1528 3658 aetate
1573 3605 1762 3674 quasi,
1806 3605 1994 3658 annis.
2065 3608 2255 3657 notum
2300 3602 2629 3674 provinciam
2662 3598 2931 3673 Hispaniam

681 3703 802 3742 cum
846 3688 1157 3759 compositis
1202 3686 1362 3742 rebus
1409 3702 1506 3760 per
1549 3687 1610 3741 T.
1659 3685 2036 3760 Sempronium
2082 3685 2379 3742 Gracchum
2424 3687 2578 3742 annis
2621 3686 2780 3750 ferme
2819 3678 2932 3737 XXV

680 3773 734 3826 in
780 3786 909 3843 pace
953 3778 1010 3825 et
1054 3772 1166 3826 otio
1211 3771 1435 3842 suisset,
1483 3773 1581 3826 iam
1629 3769 1694 3825 ab
1739 3787 1783 3827 a.
1832 3788 1886 3828 u.
1932 3787 1980 3827 c.
2030 3770 2154 3828 600
2198 3786 2371 3843 usque
2414 3769 2480 3826 ad
2526 3771 2649 3828 621
2693 3765 2932 3828 continuis

682 3855 835 3911 bellis
881 3871 1001 3910 esse
1045 3856 1368 3923 exercitam3
1412 3864 1516 3911 cet.
1564 3855 1636 3912 cl'.
1678 3854 1767 3926 Xl,
1812 3854 1868 3911 5.
1913 3884 2000 3896 —-·
2042 3864 2133 3912 ter
2175 3870 2285 3912 sex
2326 3859 2553 3925 anneis,
2601 3854 2844 3911 ablativus
2884 3855 2935 3902 ul

682 3939 823 4014 apud
880 3939 1171 3994 Varronem
1227 3934 1361 4014 περὶ
1411 3934 1829 4015 γεγαμηκότων
1889 3944 2056 3997 cuius
2112 3941 2208 3997 ubi
2271 3942 2441 3996 annis
2493 3943 2686 3997 multis
2742 3938 2932 3994 nultum

681 4027 927 4082 masculi
966 4027 1258 4097 vestiqium
1295 4018 1305 4101 Ι
1344 4027 1717 4090 inventumst,·
1772 4024 1859 4080 ubi
1916 4028 2082 4081 cuius
2124 4023 2576 4097 monosyllabum.
2639 4054 2715 4065 ——
2767 4023 2935 4076 aetate

684 4114 854 4184 quasi
880 4126 1000 4166 cum
1034 4107 1362 4182 hyperbole3
1396 4125 1515 4164 nam
1546 4125 1606 4164 ea
1639 4110 1966 4183 tricenorum
1997 4125 2260 4167 annorum
2292 4106 2607 4165 habebatur.
2653 4138 2734 4164 .-—-
2773 4117 2936 4162 annos

683 4212 783 4270 pro
831 4199 1036 4252 anneis
1081 4202 1140 4251 ut
1183 4193 1219 4250 l.
1266 4193 1350 4248 vn
1398 4209 1542 4266 quos
1585 4198 1740 4250 oculi
1778 4211 1891 4250 non
1937 4200 2072 4249 sunt
2113 4210 2215 4266 pro
2262 4196 2443 4266 quoia.

859 4280 954 4336 13.
1028 4280 1264 4355 graviter
1305 4294 1513 4335 errasse
1556 4277 1779 4334 Paulum
1824 4279 1880 4334 in
1926 4277 2240 4351 explicando
2286 4279 2390 4334 hoc
2437 4277 2747 4352 fragmento
2783 4281 2937 4330 ratum

682 4364 818 4424 illud
845 4367 1173 4422 conducere
1205 4362 1509 4445 significare
1552 4363 1695 4421 idem
1740 4363 1886 4439 quod
1931 4364 2164 4435 expedit
2194 4370 2345 4420 certo
2377 4372 2628 4439 apparet:
2677 4361 2769 4441 qui
2795 4369 2939 4413 suane
