3267 5075
590 328 905 388 XXXVIII
1042 318 1572 385 QUAESTIONUM
1607 317 2167 373 LUCILIANARUM
2202 318 2437 373 LIBER.

595 508 884 565 superans
931 487 1199 547 socordia
1243 465 1556 546 Hauthalii
1600 486 1866 546 taedium
1912 487 2111 563 potius
2158 505 2338 563 quam
2384 486 2667 545 damnum
2711 486 2888 575 nobis

595 596 876 656 adferret.

776 701 850 761 In
876 702 962 762 eis
989 721 1141 778 quae
1168 701 1457 762 Horatii
1490 701 1765 761 scholia
1791 700 2049 760 afferunt
2076 719 2149 758 ex
2175 699 2404 760 Lucilio
2431 701 2622 776 petita
2649 702 2888 777 saepius

592 812 878 885 provocat
921 809 1125 869 Dousa
1168 809 1245 867 ad
1289 808 1550 868 codicem
1595 809 2070 884 manuscriptum
2111 806 2554 884 Porphyrionis,
2602 827 2780 884 quem
2824 809 2888 867 in

594 917 962 993 praefatione
1018 909 1267 975 auctarii
1321 914 1803 975 commentatoris
1850 912 2174 990 Cruquiani
2231 914 2452 990 probae
2505 934 2573 974 ac
2624 915 2889 976 sincerae

591 1023 931 1097 vetustatiS,
970 1024 1033 1082 in
1068 1022 1226 1082 notis
1262 1023 1338 1081 ad
1375 1022 1518 1081 Luc.
1553 1022 1666 1081 inc.
1702 1023 1879 1099 frgm.
1919 1024 1999 1080 77
2038 1023 2514 1082 vetustissimum
2561 1024 2718 1083 dicit.
2783 1025 2889 1083 sed

595 1130 836 1188 hercule
881 1130 1224 1202 cavendum,
1266 1149 1342 1187 ne
1383 1129 1723 1189 testimonio
1767 1129 1893 1187 eius
1936 1128 2185 1187 nimium
2226 1130 2577 1190 tribuamus.
2645 1150 2785 1190 nam
2826 1135 2892 1190 et

594 1237 724 1312 ipso
759 1237 865 1296 illo
905 1236 1034 1296 loco
1064 1255 1239 1311 quem
1267 1236 1441 1297 modo
1471 1224 1651 1295 attuli
1678 1239 1741 1295 et
1768 1235 1900 1295 aliis
1929 1234 2229 1295 nonnullis
2257 1225 2678 1312 comprobatur
2705 1238 2890 1296 mani·
2999 1283 3006 1288 .

594 1344 751 1402 festo
787 1342 1010 1401 librum
1042 1343 1216 1401 illum
1257 1343 1444 1403 fuisse
1481 1343 1628 1403 satis
1672 1331 1976 1402 audaciter
2012 1344 2075 1401 et
2110 1343 2427 1418 aliquando
2469 1343 2669 1420 inepte
2711 1345 2891 1403 inter-

595 1450 883 1525 polatum,
912 1449 1191 1510 admixtis
1220 1450 1470 1509 subinde
1499 1450 1683 1509 etiam
1711 1449 1958 1510 Aci-onis
1988 1449 2242 1509 scholiis.
2296 1468 2482 1525 quare
2509 1469 2729 1526 magna
2756 1469 2890 1509 cum

598 1556 872 1615 cautione
899 1555 1271 1615 adhibendus
1299 1556 1418 1614 fuit
1442 1556 1617 1615 idem.
2125 1533 2132 1540 ’

774 1661 847 1719 In
873 1661 1150 1738 Donato
1179 1665 1418 1737 praesto
1442 1663 1613 1723 nobis
1632 1662 1800 1722 fuere
1818 1663 2102 1723 lectiones
2132 1663 2346 1723 codicis
2376 1663 2689 1723 Parisini
2720 1667 2891 1724 7920

599 1761 730 1850 (qui
759 1766 853 1827 est
879 1769 1081 1845 regius
1110 1761 1581 1849 Lindenbrogii),
1611 1789 1761 1846 quas
1790 1769 2074 1829 Friderici
2102 1769 2410 1828 Ritschelii
2437 1745 2894 1831 communicavit
2924 1761 2932 1767 ’

598 1894 831 1935 mecum
867 1875 1217 1935 liberalitas.
1279 1875 1331 1935 is
1369 1876 1606 1935 saeculo
1646 1876 1901 1952 scriptus
1938 1876 2026 1934 XI
2062 1876 2443 1951 omniumque
2471 1876 2691 1935 Donati
2716 1877 2892 1937 libro-

597 2002 733 2041 rum
760 1983 939 2058 longe
975 1981 1425 2058 antiquissimus
1473 1981 1524 2041 si
1568 1982 1837 2059 integros
1882 1983 2336 2043 commentarios
2382 1982 2891 2066 complecteretur,

596 2089 749 2148 bene
776 2107 874 2148 res
902 2088 1167 2148 haberet.
1216 2089 1321 2148 sed
1350 2088 1507 2148 enim
1534 2092 1775 2164 praeter
1800 2090 1989 2151 vitam
2017 2089 2281 2148 Terentii
2309 2092 2372 2149 et
2397 2089 2684 2148 Euanthii
2710 2092 2891 2165 atque

598 2195 880 2272 anonymi
900 2195 1205 2271 scriptoris
1225 2196 1301 2255 de
1318 2196 1623 2255 comoedia
1640 2198 1933 2256 tractatus
1951 2196 2101 2255 nihil
2128 2196 2393 2256 continet
2417 2195 2534 2254 nisi
2560 2199 2894 2255 commenta

598 2303 660 2362 in
696 2300 987 2361 Andriam
1023 2304 1085 2361 et
1120 2302 1396 2379 exiguam
1432 2305 1666 2378 partem
1702 2303 2014 2379 adelphon.
2077 2322 2219 2362 nam
2253 2303 2455 2362 deficit
2487 2303 2550 2361 in
2582 2321 2762 2363 versu
2790 2303 2892 2362 40.

606 2438 678 2453 ··-
715 2413 980 2469 ceterum
1009 2409 1472 2486 confugiendum
1499 2409 1618 2468 fuit
1644 2410 1719 2468 ad
1749 2408 2038 2468 editiones
2056 2412 2308 2483 vetereS,
2337 2409 2553 2485 quibus
2578 2410 2895 2486 aliquando

542 2507 551 2518 ’
598 2517 849 2594 reperiri
887 2516 1138 2577 meliora
1178 2517 1537 2593 scriptorum
1570 2516 1862 2575 librorum
1900 2516 2167 2576 subsidia
2202 2517 2529 2593 optandum
2555 2517 2749 2594 magis
2780 2517 2896 2576 exi-

601 2625 779 2685 stimo
820 2644 1001 2700 quam
1043 2623 1420 2699 sperandum.
1469 2655 1544 2665 -
1590 2623 1780 2700 igitur
1815 2642 1950 2681 cum
1986 2642 2131 2682 cura
2167 2624 2531 2683 excussimus
2575 2624 2894 2684 editionem

599 2732 713 2792 loci
755 2734 817 2790 et
856 2731 997 2789 anni
1037 2733 1182 2790 nota
1222 2733 1541 2804 carentem,
1588 2731 1694 2789 sed
1734 2731 2007 2788 curatam
2047 2749 2085 2789 a
2123 2729 2509 2791 Vindelino
2553 2730 2893 2807 Spirensi.

598 2839 746 2897 haec
781 2856 855 2895 ex
890 2837 998 2895 illa
1030 2857 1211 2913 qnam
1246 2836 1573 2913 principem
1611 2856 1744 2895 esse
1779 2836 2160 2896 consentiunt
2194 2837 2541 2912 peritissimi
2567 2838 2781 2896 harum
2807 2858 2897 2896 re-

601 2965 737 3004 rum
778 2943 991 3002 arbitri
1042 2975 1117 2985 —-
1169 2962 1302 3003 eam
1343 2942 1473 3003 dico
1514 2962 1695 3019 quam
1737 2942 1959 3003 Romae
1999 2962 2052 3002 a.
2092 2945 2260 3003 1472
2311 2943 2641 3020 vulgarunt
2674 2948 2746 3004 ut
2779 2945 2897 3020 ipsi

603 3071 668 3110 se
696 3051 1069 3109 subscribere
1097 3050 1258 3109 soliti
1286 3052 1431 3109 sunt
1465 3048 1834 3110 Conradus
1865 3049 2290 3109 Sweinheim
2325 3048 2689 3111 Arnoldus
2718 3052 2895 3111 Pan-

602 3161 932 3233 nartzque
974 3156 1249 3232 magistri
1296 3188 1371 3197 —
1419 3159 1543 3215 tam
1585 3156 1817 3216 curiose
1858 3158 1954 3215 est
1992 3175 2288 3232 expressa,
2330 3157 2421 3216 uti
2460 3158 2564 3233 qui
2604 3159 2896 3219 utramvis

602 3266 765 3323 recte
801 3264 962 3323 norit
996 3263 1203 3323 ambas
1240 3262 1490 3323 noverit.
1547 3283 1658 3340 ego
1686 3282 1823 3322 cum
1851 3263 2041 3321 serius
2077 3265 2290 3321 nactus
2318 3282 2510 3322 essem
2538 3265 2759 3324 librum
2787 3266 2898 3326 Ro-

604 3390 847 3429 manum
881 3402 956 3411 —
991 3389 1128 3429 eum
1156 3370 1554 3430 commodavit
1580 3369 1941 3430 Ritschelius
1977 3402 2050 3410 —
2087 3370 2356 3429 lectionis
2384 3370 2738 3430 varietatem
2771 3372 2898 3431 sine

606 3477 731 3534 ullo
757 3472 1063 3536 com'modo
1083 3477 1265 3536 etiam
1294 3496 1366 3535 ex
1393 3477 1504 3536 hoc
1529 3476 1751 3536 notavi.
1797 3476 1947 3534 illud
1976 3476 2124 3534 mihi
2151 3477 2552 3536 excusandum
2580 3479 2711 3551 erit,
2740 3481 2897 3555 quod

605 3582 925 3642 editionem
953 3582 1216 3642 Videlini
1242 3583 1443 3658 potius
1471 3602 1654 3659 quam
1681 3582 2024 3655 Romanam,
2059 3583 2217 3641 unde
2255 3583 2437 3642 ducta
2470 3587 2581 3658 est,
2618 3585 2900 3661 principis

606 3689 843 3748 nomine
870 3688 1124 3766 appello.
1157 3720 1232 3730 —
1277 3691 1589 3764 praeterea
1614 3688 1932 3748 Venetae
1968 3708 2121 3764 qnae
2157 3690 2380 3765 prodiit
2414 3710 2467 3750 a.
2501 3692 2671 3750 1485
2697 3693 2901 3752 lectio-

606 3814 713 3854 nes
754 3788 879 3875 (est
917 3797 1120 3855 autem
1163 3794 1467 3854 simillima
1506 3786 1837 3875 Romanae)
1885 3796 2293 3872 suppeditavit
2331 3796 2503 3856 nobis
2544 3798 2899 3872 Klotzius,

607 3920 751 3962 sane
787 3901 965 3962 homo
1000 3900 1244 3960 minime
1280 3904 1610 3961 accuratus.
1654 3933 1728 3943 —
1773 3902 2026 3978 deniqne
2067 3902 2312 3960 adhibui
2352 3903 2553 3978 copias
2593 3904 2902 3964 Linden-

606 4008 860 4086 brogii.
915 4012 981 4068 at
1007 4028 1079 4068 ex
1098 4006 1401 4084 farragine
1418 4006 1740 4067 lectionum
1760 4007 2161 4085 nugacissima
2191 4008 2418 4084 pariter
2435 4012 2500 4068 et
2515 4010 2904 4071 inutilissima

606 4134 760 4191 quae
795 4116 965 4174 nulla
998 4115 1313 4192 diligentia
1348 4098 1650 4189 nulloque
1669 4114 1890 4174 dilectu
1919 4118 2204 4190 congesta
2243 4116 2439 4174 fertur
2478 4116 2541 4174 in
2575 4118 2746 4177 libris
2775 4121 2904 4179 vul-

604 4222 765 4298 gatis
799 4240 981 4298 quam
1016 4225 1257 4298 poterat
1290 4219 1420 4280 fieri
1456 4212 1814 4296 pauc-issima
1843 4220 2114 4281 adhiberi
2143 4221 2384 4297 placuit.
2427 4253 2503 4264 —
2546 4227 2812 4283 ceterum
2838 4226 2904 4284 in

605 4332 779 4391 tanta
820 4328 1225 4390 subsidiorum
1272 4326 1566 4389 tenuitate
1612 4325 1770 4389 felici
1817 4326 2023 4405 utique
2068 4346 2210 4389 casu
2256 4328 2485 4401 accidit,
2541 4331 2700 4407 quod
2748 4349 2903 4407 quae
