3267 5075
1216 398 1435 453 LIBER
1470 398 1589 452 xv.
2173 463 2180 468 ¹
2464 398 2547 460 67

1125 558 1288 625 Vm
1337 557 1565 646 [XVIL
1611 557 1677 646 3]

428 675 692 740 vilicum
737 675 1201 740 Aristocratem
1210 726 1228 759 ,
1275 675 1764 741 mediastrinum
1812 678 2002 760 atque
2049 676 2396 741 bubulcum

285 792 379 855 20
431 789 980 856 conmanducatus
1025 792 1348 875 conrupif„
1395 790 1476 855 ad
1520 791 1722 855 incita
1767 790 2000 876 adegit.

1258 958 1353 1026 1x
1403 957 1589 1047 [17]·

430 1127 754 1146 000000
803 1080 871 1140 at
915 1078 1025 1161 qui
1069 1098 1369 1141 nummos
1414 1077 1619 1139 tristis
1666 1076 1977 1141 inuncat‘?

1305 1243 1367 1308 X
1440 1244 1479 1309 3

431 1362 881 1445 praeterquam
926 1362 995 1424 in
1044 1361 1248 1444 pretio
1295 1241 1541 1445 pruinis
1589 1359 1880 1444 semisse,
1927 1361 2240 1425 secundus
2261 1375 2274 1386 ⁸

432 1497 727 1561 nummo,
771 1474 984 1540 tertiu’
1031 1476 1161 1539 iam
1206 1475 1455 1559 plurest
1498 1496 1692 1559 quam
1737 1474 1897 1539 totu’
1943 1475 2320 1546 medimnus,

1287 1642 1381 1707 XI
1456 1645 1491 1707 7

431 1760 595 1824 adde
641 1761 795 1824 isto:
843 1781 1020 1825 sacer
1063 1761 1172 1824 ille
1216 1641 1634 1843 τοκογὲύ1φος
1680 1781 1754 1823 ae
1799 1756 2241 1843 Syrophoenix

290 1874 377 1939 25
432 1875 591 1958 quid·
633 1875 906 1940 faeerest
951 1875 1177 1940 solitus
1192 1874 1226 1938 *Ρ

1242 2042 1367 2106 XII
1418 2040 1551 2130 [10]

428 2220 471 2228 -
496 2209 1027 2229 „„„„„„„„„
1078 2159 1232 2223 dum
1277 2159 1460 2222 miles
1506 2157 1752 2223 Hibera

426 2277 605 2338 terra
652 2275 815 2339 seiee
859 2277 1063 2338 meret
1105 2278 1204 2338 ter
1250 2297 1386 2358 sex,
1433 2277 1642 2338 aetate
1689 2274 1898 2359 quasi,
1945 2275 2186 2340 anneis.

249 2538 567 2597 satyrarum
588 2530 683 2587 lib.
709 2530 825 2582 XV.
928 2531 1061 2583 VIII
1116 2531 1326 2584 Nonius
1365 2534 1478 2595 123,
1504 2533 1570 2583 20
1606 2531 1822 2583 incita
1859 2530 2056 2583 dicitur
2090 2538 2337 2597 egestas:
2383 2532 2544 2585 Plau-

246 2605 337 2651 tus
363 2626 432 2635 —
460 2600 601 2649 idem
626 2627 692 2635 —
719 2600 1029 2651 Lucilius
1065 2605 1377 2666 satyrarum
1401 2600 1496 2655 lib.
1521 2599 1607 2651 111
1629 2627 1697 2637 --
1722 2600 1892 2650 idem
1925 2599 2020 2651 lib.
2042 2599 2158 2652 XV.
2187 2628 2252 2637 -
2277 2601 2348 2653 id.
2374 2604 2490 2666 143,
2516 2604 2553 2653 5·

249 2668 732 2718 mediastrinos
777 2683 884 2717 non
930 2669 1249 2720 balnearum
1295 2668 1471 2719 solum
1526 2667 1678 2732 (sed
1719 2665 1797 2732 v.)
1841 2668 2145 2731 ministros,
2201 2674 2288 2719 set
2321 2674 2376 2719 et
2412 2670 2549 2733 (set

249 2751 348 2785 om.
389 2735 536 2795 cdd.)
582 2739 858 2785 curatores
903 2735 1111 2786 aedium
1154 2736 1404 2800 legimus.
1449 2735 1765 2786 Lucilius
1810 2734 1909 2788 lib.
1956 2735 2115 2786 XVII
2159 2735 2433 2788 vilicum
2481 2765 2546 2784 ‹-

247 2803 634 2855 bubulcum.
671 2830 740 2840 —-
774 2802 844 2853 id.
878 2805 996 2865 478,
1027 2807 1093 2854 33
1129 2820 1173 2856 s.
1209 2820 1263 2854 ν.
1298 2802 1881 2853 conmanducatur.
1952 2802 2267 2854 Lucilius
2302 2805 2400 2855 lib.
2436 2805 2549 2855 1111

247 2896 313 2905 —
348 2870 497 2921 idem
530 2869 622 2922 lib.
664 2870 779 2921 XV.
920 2871 998 2921 IX
1040 2871 1182 2922 Non.
1224 2874 1337 2934 124,
1376 2872 1437 2923 15
1472 2871 1800 2921 inuncare
1834 2869 2195 2934 (inungare
2230 2873 2277 2922 L
2317 2875 2342 2921 1
2382 2888 2452 2922 m.
2493 2871 2546 2937 1)

250 2939 410 3003 quasi
448 2954 590 2989 unco
626 2937 892 2990 invadere
928 2945 987 2989 et
1020 2940 1272 3004 arripere.
1340 2937 1658 2989 Lucilius
1692 2937 1785 2987 lib.
1822 2937 1942 2991 XV.
2076 2937 2127 2986 X
2163 2940 2304 2993 Non.
2339 2942 2458 3001 213,
2485 2941 2547 2991 18

236 3007 644 3069 ‚medimnum
687 3006 905 3070 generis
949 3007 1142 3058 neutri.
1229 3007 1521 3057 masculini
1564 3005 1875 3055 Lucilius
1928 3011 2235 3069 satyrarum
2287 3007 2381 3058 lib.
2429 3007 2545 3058 XV.

387 3075 467 3124 xl
521 3075 656 3124 Non.
697 3076 823 3136 397,
858 3076 924 3124 20
977 3090 1232 3124 sacrum
1285 3075 1452 3124 etiam
1509 3073 1799 3124 scelestum
1850 3077 1907 3123 et
1958 3072 2305 3137 detestabile3
2358 3075 2441 3125 ita
2493 3080 2547 3125 et

250 3145 640 3191 consecratum.
713 3140 971 3193 Afranius
1006 3168 1071 3176 ——
1107 3140 1338 3192 Plautus
1374 3169 1440 3177 —
1476 3142 1636 3204 Verg.
1676 3167 1735 3176 —
1776 3141 2085 3192 Lucilius
2116 3136 2425 3206 satyrizrum
2450 3142 2541 3193 lib.

249 3208 350 3260 XV
388 3208 560 3272 (XVI
593 3210 657 3272 B,
693 3206 795 3289 sed*
824 3224 962 3259 eras.
982 3210 1046 3272 1).
1156 3209 1265 3260 XII
1300 3209 1440 3260 Non.
1481 3212 1595 3269 344,
1622 3211 1687 3259 27
1724 3213 1928 3258 meret
1962 3208 2175 3259 militat.
2235 3209 2545 3260 Lucilius

426 3476 506 3533 19
551 3473 974 3551 mafgistocraten
1017 3477 1154 3533 libri
1199 3475 1339 3534 123.
1385 3506 1467 3517 -—
1512 3477 1881 3532 meiastrinum
1931 3477 2007 3532 id.
2054 3473 2199 3532 479.
2245 3505 2327 3515 —-
2369 3475 2545 3550 adque

251 3648 324 3687 m.
359 3630 393 3684 1
428 3628 498 3685 L.
532 3629 560 3685 1
608 3628 753 3687 479.
801 3659 886 3670 -
940 3572 1246 3705 Ιιυςρῖἶὲιιηῶ
1265 3573 1340 3685 ²0
1383 3626 1539 3697 479;
1584 3631 1727 3685 idem
1774 3635 2019 3703 ussroque
2046 3631 2174 3686 loco
2220 3627 2301 3687 20
2331 3632 2544 3685 coman-

253 3714 487 3770 ducatus
528 3744 607 3753 —
652 3715 909 3788 conrupit
954 3716 1080 3774 cdd.
1132 3712 1284 3781 1233
1331 3721 1392 3769 ut
1434 3714 1679 3787 corrupit
1722 3715 1868 3770 idem
1910 3712 2055 3771 479.
2226 3712 2302 3770 21
2350 3723 2404 3771 at
2451 3716 2543 3789 qui

250 3798 298 3853 L
345 3799 411 3869 1,
463 3805 554 3854 aut
597 3801 688 3872 qui
737 3799 804 3856 G.
977 3798 1056 3854 22
1113 3799 1338 3855 semisse
1384 3816 1466 3869 v.‚
1513 3799 1792 3854 seminisse
1834 3798 1882 3853 L
1930 3797 1997 3870 1,
2042 3799 2260 3855 seminis
2308 3799 2373 3856 G.

253 3882 331 3940 23
381 3881 590 3956 plurest
634 3883 730 3955 M,
774 3882 982 3958 plures·
1016 3884 1179 3954 cdd,
1235 3883 1406 3957 pluris
1449 3882 1671 3938 Iunius.
1878 3881 1958 3939 24
2003 3882 2139 3939 adde
2180 3884 2289 3938 isto
2341 3884 2542 3955 Turn„

249 3983 309 4022 ac
363 3966 434 4021 de
495 3966 622 4022 istos
676 3969 806 4024 cdd.
888 3997 960 4006 —
1034 3967 1123 4022 ille
1176 3967 1414 4030 Iunius;
1485 3960 1847 4041 τοκογλύφος
1905 3967 2182 4031 Rotkiu33
2260 3983 2321 4023 ac
2379 3968 2543 4041 Syro-

249 4051 493 4125 phoenix
540 4051 870 4116 Turnebus,·
926 4052 1007 4122 G,
1050 4051 1099 4107 L
1130 4052 1161 4105 1
1211 4051 1368 4108 illoto
1413 4049 1558 4106 colfo
1601 4052 1809 4107 saxsiro
1856 4050 2040 4124 fenix,
2096 4050 2152 4105 B
2194 4050 2351 4107 illoto
2396 4050 2543 4108 colse

253 4151 450 4209 myro
512 4135 757 4206 phoenix.
955 4135 1033 4192 26
1110 4135 1328 4193 haberet
1388 4152 1501 4207 pro
1561 4133 1746 4191 hibera
1798 4135 1874 4192 B.
2065 4133 2142 4191 27
2200 4143 2344 4190 terra
2401 4136 2542 4191 seice

254 4227 427 4277 meret
512 4218 599 4289 M,
670 4228 842 4276 terras
917 4237 978 4276 ac
1054 4228 1225 4277 meret
1299 4221 1426 4276 cdd.
1500 4210 1580 4259 -—'
1659 4226 1742 4275 ter
1808 4235 1901 4276 sex
1977 4220 2336 4284 Palmerius‚·
2397 4227 2541 4275 tersa

252 4321 315 4360 ex
361 4304 444 4376 G,
482 4302 569 4440 ἔ,
621 4304 665 4360 L
711 4304 766 4369 1,
815 4305 954 4361 Gen.
1025 4334 1102 4344 -
1169 4312 1315 4379 etate
1378 4302 1447 4358 B.
1507 4333 1584 4343 —
1643 4305 1827 4361 anneis
1882 4303 1974 4394 M’.
2041 4320 2211 4360 annos
2260 4304 2339 4376 G,
2383 4303 2431 4358 L
2480 4303 2538 4376 1,

255 4405 428 4463 agnos
541 4426 553 4439 .

2044 4486 2117 4537 5*
