3267 5075
598 377 682 440 86
1522 373 1743 428 LIBER
1778 372 1975 427 XXVI.

1572 534 1723 600 LIV
1771 536 1910 616 [39]

778 655 962 719 facile
1010 654 1398 736 deridemur3
1447 652 1684 716 scimus
1731 651 1966 734 capital
2014 672 2154 714 esse
2199 649 2474 714 irascier.

1610 765 1725 831 LV
1774 763 1866 853 [2]

781 886 861 949 ad
908 885 1076 949 enim
1123 884 1280 948 dicis
1290 934 1307 967 ‚
1353 881 1751 946 clandestino
1796 883 1916 946 tibi
1964 882 2134 965 quod
2181 881 2574 945 conmissum
2623 880 2798 944 foret

778 1024 904 1065 neu
948 1000 1242 1063 muttires
1290 998 1631 1082 quicquam
1677 1020 1804 1061 neu
1850 997 2158 1081 mysteria
2203 995 2473 1060 ecferres
2521 996 2722 1059 foras,

1579 1111 1727 1177 LVI
1775 1111 1911 1200 [70]

653 1234 736 1296 70
782 1232 1060 1296 cribrum
1097 1230 1167 1293 in
1204 1229 1611 1311 cerniculum‚
1639 1228 1846 1293 lucem
1882 1229 1952 1292 in
1977 1229 2312 1311 laternam,
2340 1227 2409 1291 in
2435 1226 2635 1290 telam
2661 1227 2918 1292 licium.

1586 1341 1766 1407 LVII
1819 1340 1907 1429 [8]

782 1461 1204 1545 depeilassere
1251 1460 1465 1543 aliqua
1511 1480 1777 1541 sperans
1824 1481 1926 1523 me
1973 1481 2046 1523 ac
2094 1458 2640 1542 deargentassere,

785 1573 1271 1659 decalauticare‚
1318 1576 1562 1639 eburno
1611 1576 1869 1658 speculo
1917 1575 2445 1658 despeculassere.

1547 1689 1762 1755 LVIII
1810 1687 1943 1777 [40]

787 1831 936 1892 pars
984 1806 1269 1870 difflatur
1315 1808 1539 1888 vento,
1585 1829 1738 1889 pars
1786 1809 1998 1870 autem
2047 1805 2393 1889 obrigescit
2438 1804 2696 1890 frigore.

1202 1998 1219 2011 „
1588 1920 1734 1983 LIX
1782 1901 1923 2002 [57]

787 2038 1101 2101 lutrarum
1147 2039 1508 2100 exactorem
1556 2036 1886 2102 Alba'num
1933 2041 1999 2101 et
2043 2037 2489 2122 fulgoritorem
2539 2037 2874 2103 arborum.

609 2260 734 2308 LIV
801 2259 937 2309 Non.
986 2258 1077 2319 38,
1127 2260 1188 2307 14
1234 2257 1491 2322 capital
1538 2259 1743 2308 dictum
1790 2263 1875 2308 est
1918 2259 2121 2323 capitis
2166 2257 2485 2324 periculum.
2568 2258 2806 2312 Plautus
2845 2287 2923 2298 -

611 2327 922 2377 Lucilius
960 2326 1052 2379 lib.
1090 2325 1288 2376 XXVI.
1400 2326 1497 2375 LV
1556 2328 1696 2376 Non.
1733 2329 1815 2388 38,
1857 2328 1919 2377 18
1957 2326 2390 2377 clandestino
2426 2324 2921 2386 (clamdestino

616 2395 823 2455 Bamb„
859 2396 905 2443 L
943 2397 973 2443 2
1011 2403 1066 2444 et
1102 2410 1168 2442 m.
1209 2397 1233 2442 1
1273 2394 1319 2442 L
1350 2393 1396 2457 l)
1435 2399 1521 2443 est
1557 2394 1892 2444 abscondite.
1965 2394 2275 2445 Lucilius
2311 2394 2402 2444 lib.
2428 2394 2626 2445 XXVI.
2664 2422 2728 2431 —
2769 2397 2918 2447 idem

613 2465 741 2525 248,
789 2465 849 2512 31
903 2479 946 2512 S.
990 2478 1042 2511 v.
1100 2462 1514 2511 committere
1569 2489 1630 2497 -
1688 2462 1999 2513 Lucilius
2052 2462 2147 2513 lib.
2200 2461 2549 2518 XXV111,—
2593 2463 2760 2512 idem
2815 2466 2918 2516 lib.

616 2583 795 2633 xxv1
833 2545 1051 2644 (xxvi
1087 2581 1172 2646 G).
1280 2581 1405 2630 Lvl
1466 2583 1604 2631 Non.
1644 2585 1729 2645 ss,
1766 2585 1832 2632 26
1868 2582 2179 2633 cribrum.
2238 2581 2545 2632 Lucilius
2582 2583 2675 2632 lib.
2705 2583 2915 2634 xxvl.

750 2651 904 2701 LVII
966 2651 1103 2700 Non.
1142 2652 1224 2711 97,
1261 2652 1293 2698 6
1329 2649 1795 2714 dcpcilasscrc
1832 2648 1936 2712 (ita
1960 2651 2032 2710 M,
2068 2649 2582 2713 depecul‘assarc
2617 2651 2796 2714 Lugd.
2823 2654 2916 2713 67,

616 2717 1145 2782 depoculasscrc
1182 2717 1246 2779 G,
1286 2718 1332 2764 L
1372 2720 1417 2775 1,
1455 2718 1502 2765 L
1538 2718 1590 2775 2)
1638 2734 1704 2768 ac
1740 2718 2196 2780 deargentassere
2231 2722 2286 2766 et
2321 2717 2723 2767 decalauticare
2772 2719 2914 2782 (de-

613 2787 966 2836 dauticare
1011 2786 1187 2849 Lugd.
1222 2784 1326 2848 67).
1400 2784 1713 2836 Lucilius
1758 2785 1849 2835 lib.
1888 2785 2085 2835 XXVI.
2289 2785 2475 2835 LVIII
2533 2785 2672 2837 Non.
2709 2789 2803 2850 97,
2846 2791 2917 2838 10

613 2853 891 2903 difflare
938 2857 1019 2902 est
1063 2854 1196 2903 flatu
1242 2852 1562 2902 disturbare.
1636 2853 1866 2903 Plautus
1903 2880 1968 2887 —
2004 2852 2316 2903 Lucilius
2361 2853 2452 2904 lib.
2501 2852 2699 2903 XXVI.

616 2922 743 2970 LIX
803 2922 940 2971 Non.
986 2923 1096 2984 110,
1137 2923 1199 2970 16
1235 2919 1598 2983 fulgorivit
1638 2920 2037 2987 (fulgurivit
2073 2920 2161 2986 G),
2201 2920 2464 2985 fulgorem
2502 2920 2638 2971 fecit
2677 2922 2763 2971 vel
2799 2922 2916 2973 ful-

790 3153 868 3210 68
913 3162 967 3209 at
1014 3151 1093 3209 38
1142 3153 1188 3208 G
1234 3161 1288 3208 et
1319 3171 1388 3208 m.
1425 3153 1460 3207 2
1493 3154 1539 3208 L
1573 3152 1628 3208 1.
1677 3183 1760 3191 -
1804 3152 1913 3208 dixi
1960 3156 2047 3208 vel
2091 3152 2220 3208 dixti
2269 3155 2380 3225 Dp.
2432 3184 2503 3193 —
2553 3153 2917 3212 clamdestino

620 3242 663 3295 L
698 3241 727 3295 1
765 3258 834 3295 m.
875 3240 903 3295 1
941 3246 1057 3295 utr.
1090 3240 1150 3305 1.,
1201 3238 1266 3306 G,
1318 3238 1457 3293 Gen.
1493 3236 1638 3292 248.
1687 3269 1760 3275 —
1810 3239 2154 3293 commissum
2198 3240 2334 3294 libri
2373 3241 2411 3293 l.
2446 3247 2559 3294 utr.
2594 3254 2728 3296 exc.
2765 3241 2913 3297 Gen.

788 3325 867 3382 69
915 3340 1019 3380 neu
1068 3324 1285 3377 mittere
1331 3324 1459 3378 cdd.
1493 3322 1603 3396 383
1655 3339 1721 3377 nc
1766 3323 1840 3378 id.
1889 3320 2031 3378 2492
2077 3352 2162 3363 —-
2207 3324 2441 3379 muniris
2486 3325 2532 3378 L
2566 3324 2596 3379 1
2634 3323 2779 3379 248.
2831 3354 2915 3365 -—-

620 3411 903 3483 quicquam
935 3409 1002 3480 G,
1033 3410 1079 3464 L
1116 3410 1143 3463 l
1182 3406 1335 3474 2483
1367 3406 1446 3462 38
1474 3408 1519 3463 G
1551 3414 1605 3461 el
1638 3406 1673 3461 2
1709 3424 1779 3460 m.
1810 3407 1857 3463 L
1881 3408 1937 3462 1.
1970 3437 2054 3446 —
2085 3424 2185 3463 nec
2216 3410 2343 3463 cdd.
2380 3407 2522 3463 248.
2559 3439 2639 3447 -
2671 3410 2917 3464 misteria

620 3497 763 3549 idem
811 3493 910 3549 38.
960 3523 1040 3532 —-
1086 3492 1318 3548 ecferret
1362 3492 1408 3548 L
1443 3494 1469 3546 1
1510 3491 1623 3559 38;
1672 3491 1800 3547 hacc
1846 3491 2017 3547 ferres
2064 3492 2187 3548 248
2236 3493 2401 3564 Gen.,
2446 3495 2493 3547 L
2526 3493 2583 3563 1,
2629 3492 2804 3549 ferres
2848 3510 2920 3550 ec

622 3581 724 3634 sed
765 3582 914 3635 notis
958 3580 1166 3634 additis
1211 3595 1369 3634 corr.
1421 3578 1466 3632 G
1510 3578 1583 3632 ib.
1720 3576 1799 3631 70
1844 3576 1897 3632 in
1943 3577 2275 3633 ceruiculum
2309 3579 2390 3647 M,
2435 3576 2830 3633 incerniculum
2863 3598 2917 3635 v.

622 3693 703 3701 —
751 3662 922 3717 lucem
968 3661 1062 3734 M,
1109 3662 1381 3718 lucernum
1429 3664 1554 3717 cdd.
1602 3693 1687 3702 ——
1734 3661 1785 3716 in
1831 3662 2091 3718 laternam
2151 3681 2202 3718 v.
2248 3678 2297 3717 c.
2348 3664 2611 3723 Demeae,-
2663 3664 2718 3717 in
2779 3663 2920 3719 late·

622 3763 732 3800 ram
780 3746 1008 3816 Bamb„
1055 3747 1101 3800 L
1133 3747 1191 3816 2,
1236 3748 1291 3801 iu
1335 3747 1579 3817 laterem,
1624 3762 1805 3817 super
1850 3763 1908 3802 re
1939 3749 2069 3803 add.
2104 3744 2153 3803 N
2186 3748 2290 3803 sed
2329 3749 2483 3820 quod
2523 3750 2595 3802 sit
2639 3749 2917 3809 deletum,

624 3831 670 3885 L
719 3833 774 3899 1,
820 3830 876 3884 in
922 3829 1142 3885 laterem
1192 3831 1257 3886 G.
1316 3860 1397 3870 —
1456 3830 1636 3888 tellam
1682 3831 1729 3887 L
1774 3831 1840 3897 2,
1899 3834 1952 3888 ἰη
2001 3831 2157 3887 telam
2204 3849 2309 3891 om.
2358 3832 2599 3893 Bamb.‚·
2657 3839 2920 3888 ceterum

623 3917 860 3971 suavius
903 3915 1128 3997 sonabit
1158 3916 1213 3971 in
1244 3915 1502 3972 laternam
1534 3917 1726 3972 lucem.
1863 3917 1937 3973 71
1986 3916 2346 3990 depeilassere
2377 3917 2459 3987 M,
2505 3916 2922 3989 depeculasserc

624 4071 669 4125 L
707 4070 761 4139 1,
808 4067 1225 4141 depeculassere
1257 4068 1321 4123 G.
1371 4099 1447 4107 —
1491 4069 1753 4140 fortasse
1798 4086 1988 4126 meme.
2121 4068 2197 4124 72
2245 4010 2618 4124 decaufftimchffe
2648 4069 2694 4122 L
2729 4070 2780 4124 1.
2833 4099 2920 4110 —

625 4153 1065 4228 despeculassere
1098 4152 1180 4224 M,
1226 4151 1636 4226 ‹lepeculassere
1665 4156 1814 4211 libri.
1950 4153 2028 4208 74
2073 4153 2334 4209 lutrarum
2367 4154 2447 4224 Μ,
2492 4153 2745 4226 luporum
2780 4156 2912 4211 cdd.

631 4271 705 4280 -
740 4247 1042 4296 exactorem
1072 4238 1245 4310 Ligna,
1277 4245 1617 4293 exauctorem
1648 4243 1870 4311 scripti.
1900 4271 1984 4279 —
2015 4239 2309 4293 malvanum
2341 4241 2509 4311 idem,
2541 4237 2801 4293 Albanum
2834 4238 2936 4297 M:

631 4406 701 4416 ·—-
753 4364 1133 4449 fulguritorcm
1179 4374 1273 4447 Μ,
1324 4373 1696 4450 fulguritatem
1742 4375 1788 4431 L
1836 4377 1903 4446 1,
1952 4346 2320 4448 rulgb'ritatem
2369 4375 2434 4430 G.
