3267 5075
674 331 803 423 28³}
981 331 1205 387 MAGIS
1244 332 1651 388 SUSPECTA.'
1705 332 2159 388 TESTIMONIA
2198 334 2294 387 DE
2334 333 2644 389 LUCILIO.

677 510 794 553 naui
839 508 892 553 ct
923 498 1129 554 Statius
1175 504 1487 557 tenuiorem
1532 500 1668 556 dixit
1714 501 1885 557 tribus
1917 488 2152 576 syllabis.
2208 531 2277 541 —
2328 510 2503 557 tamen
2547 502 2760 575 propius
2799 500 2924 557 abest

675 601 702 637 a
751 581 851 639 lide
896 583 1039 639 hunc
1082 586 1672 658 grammaticum-sicut
1715 595 1988 642 auctorem
2033 584 2199 641 libelli
2244 584 2310 641 de
2343 584 2651 642 nominibus
2678 584 2811 642 dubii
2848 602 2925 659 ge·

677 668 820 723 neris
867 667 1248 743 neglegentius
1293 687 1423 726 usos
1467 669 1632 726 fuisse
1675 672 1945 727 communi
1992 670 2294 727 traditionis
2333 670 2509 738 sonte,
2554 671 2609 725 iu
2650 686 2752 744 quo
2790 687 2925 726 nasus

678 752 756 807 vel
805 769 991 808 nasum
1036 753 1401 827 compluribus
1445 753 1781 811 diversorum
1811 757 2137 830 scriptorum
2184 753 2440 829 exemplis
2481 752 2841 826 probarentur,
2879 762 2927 809 ut

676 834 862 892 Lucilii
906 853 1104 893 nomeu
1149 838 1295 911 quod
1338 840 1664 913 adscriptum
1709 848 1858 896 esset
1899 839 1963 895 ad
2009 838 2096 895 illa
2146 855 2282 912 quae
2326 840 2557 894 servavit
2587 837 2776 894 Nonius
2814 856 2855 894 S.
2883 857 2922 892 v.

678 937 837 976 nasus
883 939 975 996 pg.
1026 921 1148 979 215
1195 932 1396 979 temere
1443 923 1830 980 transferretur
1874 923 1996 980 alio.

850 1007 946 1064 10.
1022 1007 1153 1063 haec
1198 1007 1347 1064 valde
1392 1024 1583 1064 vereor
1625 1024 1693 1064 ne
1738 1010 1993 1072 memoria
2040 1008 2222 1083 lapsus
2266 1007 2648 1081 Hieronymus,
2693 1009 2838 1065 bomo
2878 1018 2924 1064 ut

678 1099 866 1146 notum
912 1090 1229 1161 levissimuS‚
1278 1091 1624 1167 adscripserit
1669 1092 1892 1149 Lucilio.
1951 1124 2033 1133 -
2090 1109 2208 1148 uam
2256 1092 2516 1166 leguntur
2566 1109 2652 1166 ap.
2696 1092 2814 1148 Hor.
2855 1111 2924 1167 ep.

679 1174 737 1231 ll.
789 1177 816 1230 1
866 1175 1049 1231 eadem
1097 1192 1202 1231 non
1250 1174 1480 1247 Lucilio,
1535 1174 1634 1233 sed
1681 1178 1881 1233 criticis
1928 1180 2175 1251 Augusto
2219 1175 2533 1250 aequalibus
2583 1177 2788 1249 tributa,
2827 1194 2926 1232 cnm

677 1260 793 1333 ipse
840 1258 1055 1315 Flaccus
1100 1259 1149 1315 id
1197 1261 1414 1317 irrideat
1457 1261 1731 1317 iudicium.
1805 1270 1860 1317 et
1889 1263 2018 1318 satis
2063 1269 2276 1317 constat
2306 1262 2548 1335 alioquin
2581 1261 2927 1336 Hieronymum

678 1343 942 1419 quidquid
988 1344 1143 1401 all'ert
1186 1362 1248 1400 ex
1294 1344 1481 1402 Lucilii
1527 1347 1722 1402 saturis
1768 1363 1796 1401 a
1842 1347 2020 1403 Tullio
2068 1345 2398 1419 Horatioque
2444 1354 2762 1404 mutuatum.

1458 1581 1787 1638 Testimonia
1829 1581 1896 1638 de
1940 1581 2165 1639 Lucilio.

854 1729 905 1785 1.
982 1729 1049 1785 de
1096 1729 1175 1785 bis
1207 1744 1346 1802 quae
1387 1727 1558 1784 refert
1587 1726 1947 1800 Hieronymus
1990 1744 2113 1783 cum
2160 1730 2359 1784 totiens
2390 1727 2659 1802 litigarint
2701 1728 2837 1784 docti
2875 1729 2938 1782 sic

684 1813 897 1885 habeto,
943 1813 1072 1869 nihil
1120 1815 1339 1870 omnino
1385 1829 1505 1868 esse
1550 1829 1648 1868 cur
1693 1811 1907 1867 fatalem
1939 1811 2125 1868 Lucilii
2154 1828 2351 1868 annum
2386 1811 2526 1868 ultra
2558 1830 2682 1868 eum
2725 1814 2813 1885 qui
2854 1812 2939 1867 l'uit

680 1917 724 1953 a.
773 1916 825 1953 n.
874 1915 921 1954 c.
955 1898 1077 1954 652
1125 1896 1547 1972 promovendum
1594 1897 1990 1964 existimemus3
2037 1913 2156 1952 nam
2203 1913 2339 1969 quae
2383 1898 2780 1953 recentissimae
2821 1905 2938 1952 tem-

680 1999 871 2057 porum
919 1992 1077 2037 notae
1123 1986 1173 2038 in
1234 1983 1348 2037 eius
1406 1980 1726 2037 carminibus
1773 1989 2066 2038 occurrunt
2123 1982 2226 2038 boc
2282 1991 2366 2037 est
2411 1981 2715 2055 lugurtbini
2767 1981 2938 2055 Opimii

679 2078 733 2123 et
776 2067 951 2121 Crassi
997 2066 1299 2122 tribunatus
1346 2068 1548 2122 mentio
1595 2066 1730 2122 lacta
1775 2066 1839 2121 ad
1885 2083 2080 2122 anuum
2114 2065 2260 2122 urbis
2292 2064 2413 2123 645
2445 2075 2500 2121 et
2531 2066 2668 2123 646·
2698 2074 2936 2140 spectant.

681 2169 801 2207 nam
846 2149 1096 2206 Liciniam
1142 2150 1316 2224 legen}
1363 2166 1520 2223 quam
1566 2169 1593 2205 a
1641 2150 1699 2207 P.
1747 2149 1950 2206 Licinio
1994 2151 2186 2207 Crasso
2219 2150 2387 2206 Divite
2417 2150 2645 2207 consule
2679 2168 2721 2206 a.
2752 2167 2801 2206 u.
2834 2148 2935 2207 657

681 2236 838 2292 latam
883 2252 1003 2290 esse
1043 2235 1148 2290 sibi
1195 2250 1511 2308 persuasere
1556 2235 1769 2307 quidam
1815 2252 1924 2290 non
1970 2237 2146 2292 minus
2185 2233 2536 2308 probabiliter
2581 2236 2645 2291 ad
2693 2236 2938 2290 tribunum

681 2319 909 2376 eundem
968 2319 1048 2375 vel
1107 2328 1407 2394 praetorem
1479 2318 1670 2374 referri
1739 2336 1898 2393 posse
1964 2322 2222 2376 monuere
2277 2322 2379 2375 iam
2436 2319 2545 2376 alii.
2651 2322 2731 2376 vix
2784 2329 2938 2374 autem

681 2403 910 2478 ‹lignum'
963 2415 1047 2459 est
1103 2406 1357 2459 memoria
1417 2403 1565 2477 qnod
1611 2403 1876 2460 Heusdius
1934 2406 2123 2461 statuit
2180 2423 2272 2479 pg.
2323 2404 2401 2461 28
2457 2403 2787 2462 collocutum
2838 2419 2940 2459 csse

682 2490 941 2546 Lucilium
988 2506 1109 2546 cum
1140 2489 1397 2545 Cicerone
1428 2498 1590 2563 atquc
1622 2488 1753 2545 adeo
1785 2488 1864 2546 29
1895 2506 2015 2564 sqq.
2064 2506 2186 2545 eum
2231 2498 2405 2546 aetate
2445 2505 2645 2546 aunum
2678 2506 2726 2546 u.
2758 2506 2802 2546 c.
2835 2487 2949 2545 666

682 2577 996 2631 excessisse.
1039 2605 1124 2614 —-
1167 2582 1409 2629 ceterum
1454 2576 1509 2630 in
1555 2573 1703 2630 libris
1734 2573 1799 2629 de
1830 2585 2071 2646 oratore,
2115 2592 2253 2650 quos
2298 2593 2345 2631 a.
2377 2591 2422 2629 a.
2470 2574 2595 2630 Chr.
2632 2575 2708 2631 91
2755 2574 2942 2630 habitos

684 2660 838 2734 lingit
868 2658 1077 2716 Tullius
1108 2658 1370 2714 Lucilium
1416 2666 1691 2714 mortuum
1739 2661 1884 2732 tangi
1930 2676 1958 2713 a
1990 2659 2179 2715 Crasso
2225 2662 2378 2717 cuius
2423 2668 2552 2714 sunt
2596 2657 2750 2714 verba
2779 2657 2817 2730 l,
2850 2658 2943 2724 163

682 2745 744 2816 ll,
793 2746 828 2802 6
875 2747 978 2800 sed
1019 2750 1081 2801 ul
1126 2744 1343 2799 solebat
1389 2744 1448 2800 0.
1492 2744 1752 2800 Lucilius
1794 2759 1974 2816 saepe
2015 2746 2210 2801 dicere
2224 2770 2240 2808 ,·
2289 2752 2352 2802 ul
2397 2743 2456 2799 C.
2504 2744 2761 2801 Lucilius
2800 2745 2944 2799 homo

681 2832 881 2886 doctus
933 2837 988 2885 et
1040 2829 1415 2900 perui-banus
1466 2830 1686 2884 solebat
1742 2830 1938 2885 dicere
1991 2839 2319 2885 annotarunt
2371 2828 2636 2902 plerique.
2681 2858 2764 2870 —
2814 2825 2942 2900 quod

682 2922 869 2971 contra
913 2914 997 2968 vix
1042 2924 1169 2968 sunt
1215 2911 1364 2987 digni
1398 2914 1490 2986 qui
1524 2912 1843 2969 refellantur
1888 2916 1977 2986 qui
2021 2922 2260 2969 statuere
2303 2930 2489 2968 revera
2523 2912 2778 2970 Lucilium
2819 2926 2941 2967 anno

685 3000 874 3054 aetatis
921 2996 1069 3052 XLV!
1118 2998 1255 3052 diem
1302 2996 1499 3053 obisse.
1547 3027 1624 3036 —-
1676 3015 1736 3053 ac
1780 2999 2008 3071 primum
2054 2997 2268 3071 quidem
2316 2996 2521 3053 Horatii
2575 3016 2602 3053 a
2650 3016 2755 3072 quo
2797 3010 2941 3052 senex

685 3092 905 3138 vocatur
951 3082 1107 3137 lidem
1152 3084 1224 3136 ita
1269 3080 1509 3153 elevant,
1567 3091 1629 3137 ut
1688 3082 1865 3138 dicant
1917 3084 2157 3155 quemvis
2211 3085 2491 3157 antiquum
2546 3084 2855 3156 scriptorem
2895 3089 2941 3135 et

682 3183 843 3242 posse
888 3176 943 3223 et
987 3166 1166 3223 solere
1211 3165 1312 3221 dici
1358 3182 1560 3221 senem.
1622 3167 1801 3223 audio.
1861 3168 1956 3222 sed
2004 3166 2160 3222 verba
2205 3165 2322 3242 ipsa
2366 3166 2538 3223 Flacci
2583 3169 2847 3224 notissima
2874 3166 2942 3220 iu·

682 3253 926 3329 spicieuti
973 3251 1127 3307 facile
1172 3251 1445 3324 apparebit
1488 3254 1633 3307 senis
1668 3250 1980 3307 vocabulum
2025 3260 2080 3307 et
2123 3268 2515 3326 supervacuum
2555 3269 2778 3325 prorsus
2818 3265 2940 3318 esse,

685 3338 788 3392 boc
838 3354 1001 3392 sensu
1046 3338 1090 3391 si
1146 3337 1383 3410 positum
1428 3337 1699 3392 existimes
1744 3336 1865 3392 loco
1910 3336 2035 3407 ino,
2094 3344 2148 3393 et
2193 3338 2561 3410 aptissimum,
2611 3338 2656 3393 si
2700 3333 2944 3393 communi

684 3439 746 3476 ac
790 3421 1012 3495 vulgato
1056 3422 1200 3477 inter
1245 3437 1451 3476 omneS.
1521 3422 1642 3493 quis
1686 3423 1826 3476 enim
1874 3420 2061 3477 melius
2107 3437 2265 3495 quam
2309 3430 2526 3479 exactae
2571 3422 2732 3478 bomo
2773 3419 2942 3478 aetatis

683 3506 895 3562 dicetur
940 3505 1113 3562 tabula
1159 3505 1322 3561 veluti
1371 3507 1543 3581 votiva
1590 3507 1746 3560 vitam
1792 3523 1941 3560 suam
1985 3515 2154 3562 totam
2200 3508 2539 3581 praeteritam
2583 3502 2943 3580 descripsisse?

692 3620 760 3631 —-
787 3590 1009 3664 ,quodsi
1064 3606 1248 3646 revera
1293 3588 1550 3646 Lucilium
1609 3606 1656 3644 a.
1705 3607 1755 3645 ιι.
1806 3589 1926 3648 606
1984 3600 2166 3646 natum
2219 3589 2670 3664 existimabimus,
2723 3589 2945 3664 sequitur

685 3690 806 3731 eum
864 3690 983 3729 cum
1042 3672 1171 3729 obiit
1226 3674 1284 3730 P.
1344 3674 1626 3731 Africanus
1695 3674 2158 3731 adulescentulum
2213 3675 2381 3732 fuisse
2438 3675 2614 3731 xvtm
2683 3689 2939 3733 annorum.

685 3760 833 3832 atqui
879 3774 987 3814 non
1034 3775 1155 3814 cum
1199 3758 1607 3815 adulescentulo
1666 3758 1760 3815 sed
1818 3776 1937 3814 cum
1984 3762 2098 3816 viro
2155 3770 2211 3816 et
2254 3763 2481 3817 amicitia
2536 3761 2703 3818 luisse
2754 3762 2942 3817 iunctos
3033 3791 3045 3806 .

685 3854 738 3899 et
783 3842 1012 3898 subinde
1057 3859 1440 3915 repuerascere
1484 3845 1677 3901 solitos
1723 3844 2027 3918 Scipionem
2083 3863 2143 3902 ac
2200 3844 2433 3903 Laelium
2489 3848 2815 3921 apertissime
2865 3841 2941 3897 de-

687 3936 988 3984 monstrant
1037 3926 1191 3983 verba
1238 3925 1436 3984 Flacci:

941 4068 1069 4140 quin
1117 4065 1203 4122 ubi
1247 4083 1307 4123 se
1351 4083 1377 4121 a
1425 4067 1587 4142 vulgo
1633 4077 1689 4125 et
1731 4086 1920 4125 scaena
1964 4071 2017 4125 in
2059 4080 2269 4127 secreta
2312 4080 2583 4128 remorant

939 4155 1107 4207 virttis
1153 4150 1427 4226 Scipiadae
1471 4160 1526 4207 et
1572 4156 1714 4210 mitis
1758 4156 2017 4229 sapientia
2062 4154 2235 4229 Laeli,

940 4238 1133 4310 nugari
1178 4253 1299 4293 cum
1345 4236 1440 4292 illo
1485 4246 1538 4292 et
1584 4238 1827 4295 discincti
1873 4239 2085 4313 ludere,
2132 4240 2308 4299 donec

940 4319 1337 4394 decoqueretur
1380 4321 1520 4394 oluS,
1568 4322 1732 4380 soliti.
