3267 5075
1184 414 1400 471 LissER
1441 419 1533 472 111.
1571 415 1693 471 1111.
2449 410 2576 480 207

466 564 566 644 49.
638 588 693 642 in
739 586 1140 658 comparatione
1172 584 1393 657 quadam
1429 584 1559 640 hacc
1588 584 1757 639 fuisse
1788 585 1964 657 posita
2010 586 2127 658 ipso
2157 583 2251 639 illo
2298 587 2445 654 olim,
2476 601 2585 657 quo

311 674 368 729 ad
414 674 644 728 taedium
690 687 864 744 usque
908 670 964 726 in
1007 686 1068 725 re
1113 669 1274 724 simili
1304 672 1478 724 utitur
1510 668 1765 740 LuciliuS,
1810 671 1940 724 satis
1985 668 2305 725 declaratur.
2381 668 2584 741 reliqua

310 759 519 814 incerta.

367 872 371 877 ·
467 840 565 898 50.
642 847 862 914 apparet
906 839 1013 893 hoc
1055 837 1180 893 loco
1226 838 1439 893 irrideri
1483 854 1512 892 a
1540 836 1746 893 Lucilio
1779 838 2049 892 inimicum
2090 837 2377 909 quendam,
2423 855 2583 910 quem

311 943 409 982 non
454 943 559 999 qua
602 925 841 997 rel-iquos
887 922 1141 978 mortales
1186 923 1277 977 sed
1312 922 1481 977 aliena
1526 939 1752 995 prorsus
1782 923 1865 976 via
1911 923 1964 976 in
1996 921 2170 977 lucem
2218 921 2420 977 editum
2464 939 2584 977 esse

312 1009 474 1084 fingit.
550 1013 624 1065 ita
654 1009 893 1081 Sulpicia
937 1007 1003 1062 de
1037 1006 1333 1062 Domitiano
1381 1025 1427 1060 v.
1462 1006 1560 1062 36*
1588 1025 1701 1063 non
1736 1007 1898 1061 trabe
1930 1007 2034 1061 sed
2061 1013 2220 1079 leryo
2249 1010 2583 1078 prolepsim,

312 1095 391 1150 ubi
436 1096 601 1151 trabe
645 1102 729 1149 est
772 1099 1045 1162 multone,
1091 1093 1239 1146 utin
1283 1093 1531 1168 priapeiS.
1608 1091 1854 1147 similiter
1898 1092 2059 1146 etiam
2107 1091 2324 1146 Heinius
2369 1093 2423 1146 in
2470 1108 2583 1146 car-

310 1182 439 1235 mine
483 1181 572 1235 cui
615 1179 932 1251 inscriptum
976 1172 1098 1231 ‘der
1141 1173 1707 1232 Exnachtwacchter':

870 1298 976 1351 wic
1022 1312 1079 1351 es
1126 1296 1326 1366 heisst‚
1369 1297 1442 1351 ist
1486 1313 1545 1351 er
1590 1296 1910 1368 gekommen

872 1380 968 1435 aus
1005 1379 1091 1436 die
1135 1381 1284 1436 Welt
1329 1397 1426 1454 gar
1469 1380 1846 1456 Wundersa‘m‚

873 1466 964 1520 hat
1010 1465 1114 1521 den
1159 1464 1440 1538 Astcrweg
1486 1480 1842 1539 genommen‚

873 1566 940 1604 zu
985 1549 1081 1604 der
1125 1549 1321 1605 Muttcr
1363 1549 1595 1605 Schreck
1642 1549 1752 1603 und
1797 1548 2008 1608 Scham.

468 1672 565 1728 51.
640 1673 945 1743 depostus,·
988 1668 1094 1725 Cic.
1143 1671 1193 1724 in
1240 1669 1389 1725 Verr.
1424 1669 1462 1740 1,
1496 1669 1555 1738 2,
1588 1667 1625 1724 5
1671 1673 1866 1741 itaque
1910 1670 2046 1724 mihi
2089 1671 2301 1739 videor,
2345 1671 2584 1741 iudiceS,

264 1762 270 1767 ’
310 1775 562 1830 maynam
607 1765 662 1812 et
708 1759 957 1812 maxime
1002 1770 1240 1828 aeyram
1285 1761 1339 1810 et
1379 1770 1567 1826 prope
1596 1756 1913 1825 depositam
1958 1755 2316 1824 reipublicae
2355 1760 2583 1824 partem

308 1845 653 1913 suscepisse,·
708 1840 798 1896 ubi
845 1839 1131 1895 scholiasta
1176 1840 1544 1895 Gronovianus
1590 1841 1935 1909 depositam,
1980 1842 2040 1894 in
2085 1841 2277 1895 ultimo
2317 1841 2581 1910 positam,

307 1928 686 1998 desperatam,
732 1932 794 1980 ut
825 1928 1094 1980 recreari
1120 1942 1232 1980 non
1257 1927 1461 1995 possit.
1503 1931 1777 2001 ¹ceterum
1823 1923 2085 1979 videndus
2130 1923 2264 1978 Non.
2311 1940 2355 1978 s.
2390 1941 2439 1978 v.
2486 1924 2583 1979 de·

304 2027 531 2081 ponere.

465 2094 566 2150 52.
638 2096 693 2149 in
742 2094 943 2149 Afranii
990 2093 1292 2166 fragmento
1340 2092 1485 2165 quod
1516 2093 1790 2166 praecedit
1833 2091 2124 2166 legendum
2171 2109 2289 2147 esse
2332 2096 2585 2164 partiret

308 2197 399 2253 pro
437 2183 720 2252 pat-iisset
764 2180 941 2252 ipsum
986 2177 1176 2232 lemma
1210 2178 1366 2233 Nonii
1411 2178 1604 2233 docere
1651 2179 1831 2250 potuit
1862 2176 2085 2245 doctos;
2131 2186 2185 2231 ct
2232 2176 2404 2232 firmat
2449 2177 2585 2232 liber

306 2282 418 2319 cum
460 2263 499 2318 L
552 2263 587 2318 2
632 2261 1067 2336 BambergensiS‚
1112 2264 1165 2318 in
1212 2280 1320 2336 quo
1368 2270 1450 2317 est
1494 2262 1624 2317 illud
1666 2263 1933 2334 parliset.

465 2349 565 2406 53.
642 2347 940 2422 Appuleius
983 2348 1038 2401 in
1083 2345 1188 2401 fine
1233 2346 1542 2421 apologiae:
1599 2350 1653 2402 si
1689 2347 2090 2418 philosophiae
2134 2347 2440 2419 honorem,
2487 2351 2587 2430 qui

307 2435 431 2490 mihi
471 2436 661 2490 salute
705 2448 832 2488 mea
879 2436 1169 2504 antiquior
1212 2438 1318 2503 est,
1364 2448 1647 2504 nusquam
1691 2434 1883 2495 minui,
1929 2435 2094 2488 immo
2126 2422 2330 2488 contra
2380 2426 2584 2504 ubique

307 2522 354 2574 si
402 2537 529 2576 eum
584 2525 799 2591 septem
853 2520 1048 2589 pinnis
1114 2515 1208 2589 (ita
1263 2525 1410 2573 recte
1466 2516 1643 2587 docti;
1712 2516 1796 2573 cd.
1855 2515 1998 2572 Flor.
2055 2523 2277 2589 septum
2327 2514 2581 2588 penitus)

307 2619 423 2660 eum
467 2608 645 2660 tenui.'

466 2687 566 2744 54.
640 2687 904 2743 excidisse
949 2689 1060 2760 ipsa
1106 2686 1265 2743 verba
1310 2686 1439 2742 Luc.
1487 2688 1628 2743 sicut
1673 2688 1845 2741 visum
1886 2685 2056 2742 Keilio
2114 2703 2232 2741 cum
2278 2703 2375 2759 per
2417 2702 2477 2741 se
2524 2686 2584 2742 lit

305 2772 571 2846 probabile
604 2769 739 2846 (non
771 2773 911 2827 enim
942 2779 1024 2827 sat
1056 2780 1329 2845 comparet
1359 2788 1468 2845 quo
1515 2771 1676 2826 modo
1723 2770 2026 2826 adhibuerit
2055 2771 2287 2826 Lucilius
2332 2770 2463 2825 illud
2496 2777 2581 2826 ul-

303 2857 449 2929 pole)
482 2867 592 2913 tum
625 2856 963 2932 considerata
1009 2856 1229 2912 secundi
1274 2854 1393 2910 libri
1438 2855 1660 2911 Charisii
1704 2855 2036 2911 condicione.

468 2942 565 2999 55.
617 2944 760 2997 hunc
793 2959 838 2994 v.
874 2949 1187 2996 constanter
1215 2940 1402 2997 Lucilii
1448 2942 1610 2996 tertio
1657 2940 1961 2996 tribuerunt
2006 2939 2169 3009 docti,
2218 2938 2311 2995 sed
2354 2939 2583 2994 frustra:

308 3029 496 3082 etenim
542 3044 668 3082 casu
713 3026 935 3098 factum,
982 3026 1126 3099 quod
1172 3026 1375 3099 legitur
1417 3024 1652 3081 Lucretii
1697 3025 1860 3080 tertio
1910 3018 2108 3101 [515]
2137 3024 2300 3079 illud:

467 3155 797 3205 commutare
843 3147 1075 3201 animum
1122 3144 1502 3219 quodcumque
1547 3145 1790 3201 adoritur
1836 3154 1889 3200 et
1933 3143 2083 3216 infit,

311 3284 416 3321 cras
461 3267 638 3338 cred0,
689 3265 850 3323 hodie
881 3266 1036 3337 nihil,
1083 3267 1174 3339 qui
1205 3268 1368 3320 sciam
1414 3282 1591 3339 neque
1618 3265 1957 3338 frequentius
1988 3280 2108 3321 esse
2140 3265 2431 3339 quidquam
2462 3282 2584 3338 per-

310 3353 517 3407 mutatis
561 3354 764 3407 interse
795 3350 982 3406 Lucilii
1027 3360 1082 3405 et
1111 3349 1348 3407 Lucretii
1394 3348 1699 3406 nominibus
1746 3358 1801 3405 et
1829 3349 2157 3405 priscianum
2188 3351 2301 3404 sivc
2343 3366 2438 3405 sua
2470 3352 2583 3406 sive

309 3451 487 3491 eorum
532 3442 686 3510 quos
712 3443 934 3492 secutus
980 3445 1064 3491 est
1093 3435 1249 3508 culpa
1282 3435 1422 3491 haud
1467 3452 1587 3490 raro
1620 3436 1747 3489 satis
1780 3435 2004 3490 licenter
2033 3434 2308 3489 immutata
2330 3434 2583 3508 ‘proferre

309 3529 576 3577 auctorum
623 3520 885 3593 exempla.

467 3641 570 3711 llll,
624 3642 678 3696 1.
754 3640 819 3695 ad
865 3640 970 3696 hoc
1014 3638 1136 3694 libri
1181 3639 1268 3695 llll
1313 3648 1691 3714 argumentum
1736 3638 1871 3695 bene
1913 3639 2182 3695 revocavit
2211 3638 2387 3696 Dousa
2432 3649 2584 3716 pater

311 3725 557 3781 nonnulla
599 3727 716 3781 sinc
763 3733 890 3780 nota
935 3723 1219 3780 voluminis
1264 3725 1492 3799 prodita,
1543 3741 1678 3798 quae
1708 3723 1844 3779 infra
1890 3731 2019 3779 sunt
2048 3725 2243 3796 posita,
2290 3724 2386 3781 scd
2432 3743 2584 3800 prae·

312 3815 447 3864 terea
494 3810 750 3883 quaedam
797 3808 1012 3864 minime
1056 3818 1176 3883 apta
1223 3826 1359 3882 quac
1389 3809 1735 3866 exclusimus,
1789 3838 1860 3848 -
1909 3815 2147 3863 ceterum
2192 3811 2278 3864 vix
2323 3810 2583 3884 estquod

309 3909 542 3949 moneam
586 3894 796 3950 scholio
841 3893 1007 3949 Persii
1053 3894 1198 3966 quod
1246 3894 1458 3966 quidem
1492 3896 1672 3949 nescio
1720 3909 1828 3965 quo
1874 3909 2002 3949 casu
2032 3894 2265 3950 alienum
2307 3896 2362 3950 in
2404 3896 2582 3951 locuni

310 3986 389 4032 est
432 3978 663 4034 delatum
717 3978 861 4050 (nam
907 3977 1134 4033 debebat
1178 3980 1308 4051 poni
1353 3986 1475 4034 ante
1520 3977 1608 4033 illa
1663 3994 1865 4050 nempe
1907 3978 2018 4035 hoc
2064 3978 2313 4050 assidue)
2368 3980 2582 4034 minime

310 4059 445 4118 effici
491 4069 654 4119 totam
699 4065 914 4119 satiram
958 4064 1113 4117 istam
1146 4063 1211 4118 ad
1243 4063 1412 4132 Lucili
1442 4063 1526 4118 llll
1557 4062 1830 4135 exemplar
1859 4079 1979 4118 esse
2010 4064 2382 4136 compositam,
2414 4080 2443 4118 a
2473 4080 2582 4136 quo

310 4153 507 4202 tantum
552 4147 770 4204 differre
816 4154 1073 4221 quantum
1103 4149 1334 4204 interest
1375 4148 1515 4202 iuter
1543 4145 1785 4203 Persium
1832 4155 1888 4204 et
1927 4148 2187 4203 Lucilium
2233 4146 2384 4203 facile
2414 4164 2583 4222 agno-

308 4239 456 4287 scent
497 4234 671 4305 periti.
1783 4270 1789 4276 -

473 4315 528 4371 2.
598 4318 905 4390 lapatku33
949 4316 1134 4389 herba,
1179 4334 1283 4391 qua
1326 4318 1572 4374 homines
1617 4317 1886 4390 simplices
1932 4318 2174 4371 contenti
2217 4332 2338 4372 esse
2382 4316 2579 4375 solent.

310 4398 469 4455 Varro
513 4419 597 4475 ap.
642 4402 781 4458 Non.
832 4400 956 4458 550
1000 4421 1045 4460 s,
1079 4421 1128 4458 v.
1177 4403 1465 4476 lapathium
1512 4411 1565 4456 et
1609 4404 1817 4476 ptisana
