3267 5075
748 379 872 442 198
1681 378 1901 431 LIBER
1936 379 1975 431 1.
2015 377 2082 431 Π.

744 564 917 621 quam
964 540 1216 619 (litteram
1247 540 1292 617 r)
1341 561 1518 601 canes
1547 548 1654 600 irr.
1682 546 1918 616 planius
1947 546 2084 599 dicit
2113 562 2284 616 quam
2314 544 2511 605 Immo,-
2555 542 2701 598 conl'.
2739 543 2875 613 Vllll⁷
2904 544 2978 599 19.

747 662 823 671 -—
873 628 1060 703 quam'
1089 632 1450 703 antepositum
1509 630 1562 684 in
1606 629 2007 702 comparatione
2066 637 2124 682 ut
2169 645 2253 701 ap.
2301 626 2494 687 Catull.
2541 628 2641 688 57,
2684 627 2719 682 8
2772 646 2870 682 non
2909 630 2981 683 hic

746 733 917 790 quam
960 717 1059 770 me
1102 718 1281 786 mayis
1326 732 1514 770 vorax
1558 716 1817 775 adulter5
1872 730 1955 785 ap.
2003 712 2204 785 Sulpic.
2257 712 2315 782 7,
2361 711 2399 768 8
2454 728 2527 767 ne
2570 716 2724 785 ἱεραί
2765 714 2818 766 id
2853 729 2980 769 nemo

746 818 918 872 quam
961 814 1120 854 meus
1150 806 1284 854 ante
1315 802 1507 859 velim‚·
1550 798 1622 854 cl'.
1667 805 1722 852 et
1753 796 1867 852 Tib.
1902 796 1944 868 l,
1979 797 2039 868 3,
2073 796 2129 872 9,
2168 797 2262 851 10.
2314 827 2389 835 —
2439 814 2613 869 quam
2655 798 2825 866 homo,
2864 796 2908 851 d.
2946 815 2982 852 r.

746 902 816 939 m.
864 883 1007 941 307.
1051 913 1134 925 ——
1179 886 1442 952 inritata,
1489 899 1595 938 non
1644 885 1912 944 irritata;
1955 897 2075 936 nam
2122 888 2361 954 nugatur
2404 881 2633 937 Nonius,

916 984 1016 1041 28.
1089 987 1170 1040 ad
1210 1001 1309 1057 pro
1356 991 1437 1054 at,
1485 992 1543 1038 ut
1572 1001 1731 1056 saepe
1763 982 1901 1038 alibi.
1951 1014 2028 1023 —
2075 984 2185 1039 hoc
2229 1000 2339 1039 non
2381 983 2513 1038 satis
2543 991 2808 1056 comparet
2834 990 2983 1038 utrum

747 1070 810 1125 ad
861 1073 1104 1126 lustrum
1149 1070 1414 1141 pertineat
1460 1085 1644 1123 necne.

916 1154 1014 1210 30.
1089 1162 1236 1208 recte
1281 1169 1338 1207 se
1370 1153 1566 1208 habere
1598 1151 1837 1206 merendi
1886 1151 2028 1206 verbi
2061 1153 2582 1224 interpretationem,
2633 1169 2781 1226 quam
2808 1152 2986 1226 profert

746 1238 975 1307 Nonius»,
1022 1238 1408 1310 Porphyrionis
1456 1237 1766 1292 testimonio
1814 1236 1957 1308 quod
2003 1235 2183 1291 addidi
2228 1238 2358 1291 satis
2404 1237 2684 1292 evincitur.

917 1321 1015 1378 32.
1090 1338 1215 1377 ecce
1259 1329 1538 1394 stuporem
1570 1320 1727 1375 Nouii
1760 1321 1851 1393 qui
1896 1328 1951 1374 et
1981 1320 2085 1375 hoc
2129 1328 2184 1375 et
2212 1327 2478 1393 sequente
2508 1319 2695 1376 Lucilii
2725 1322 2987 1394 fragmento

748 1406 1035 1460 ablativum
1069 1406 1276 1478 putavit
1307 1422 1426 1460 esse
1459 1408 1549 1478 qui
1581 1413 1700 1460 erat
1723 1406 2027 1478 genetivus
2062 1434 2144 1444 —
2175 1406 2482 1460 cerebrum
2512 1404 2665 1460 facile
2693 1413 2808 1479 post
2830 1409 2989 1476 primo

748 1491 928 1564 potuit
973 1490 1234 1545 excidere.
1295 1520 1376 1529 --
1435 1492 1984 1546 cerebrum'minui.
2077 1488 2276 1543 Ennius
2332 1505 2483 1545 saxo
2540 1505 2676 1545 cere
2723 1494 2991 1546 conminuit

748 1575 932 1631 brum.
973 1604 1041 1613 —
1090 1575 1199 1630 hoc
1231 1583 1291 1629 ut
1322 1583 1426 1629 tam
1457 1591 1615 1648 saepe
1645 1576 1699 1628 in
1734 1574 1958 1629 vetustis
1989 1572 2179 1628 Lucilii
2209 1572 2359 1629 libris
2391 1573 2716 1629 scriberetur
2743 1591 2832 1647 pro
2857 1575 2989 1643 huic,

748 1676 806 1713 ea
851 1676 1006 1713 causa
1054 1659 1296 1714 evenisse
1328 1660 1648 1728 existimem,
1696 1657 1842 1731 quod
1889 1659 2185 1730 antiquitus
2220 1657 2472 1713 traditum
2519 1666 2638 1715 erat
2678 1660 2816 1728 hoio,
2854 1675 2992 1730 quam

748 1744 998 1817 agnoscit
1049 1742 1271 1797 formam
1318 1744 1440 1798 Mar.
1487 1743 1622 1799 Vict.
1677 1743 1772 1797 11.
1824 1773 1902 1782 --
1960 1744 2032 1797 ita
2078 1742 2299 1815 vulgato
2347 1759 2536 1798 errore
2580 1743 2811 1816 plurimis
2851 1742 2994 1797 habes

748 1879 883 1935 locis
915 1897 1026 1952 quo
1058 1894 1158 1951 pro
1190 1878 1340 1951 quoi.
1390 1908 1466 1916 —
1514 1882 1727 1935 minuei
1753 1896 1853 1952 pro
1887 1881 2175 1934 minuendi
2186 1903 2202 1941 ,·
2248 1878 2423 1934 suerat
2444 1880 2746 1952 'antiquitus
2773 1851 2990 1935 minuen.

919 1980 1019 2037 33.
1094 1981 1470 2050 elephantem,
1514 1980 1583 2035 cs.
1633 1980 1684 2034 d.
1730 1997 1776 2036 r.
1822 1998 1894 2036 m.
1942 1981 2084 2037 390.
2146 2012 2221 2020 —
2278 1988 2522 2037 ceterum
2581 1984 2814 2038 miracla
2865 1983 2994 2036 cient

753 2074 837 2120 est
881 2069 1025 2121 mira
1074 2080 1254 2135 opera
1302 2066 1495 2120 edunt.

921 2149 1020 2206 35.
1098 2138 1413 2212 artaenae}
1457 2148 1604 2207 Paul.
1636 2149 1712 2203 21
1762 2157 2105 2220 arytaenam
2150 2155 2268 2207 sive
2313 2158 2580 2207 artenam
2626 2166 2725 2208 vas
2766 2152 2832 2206 ab
2873 2152 2994 2206 hau·

752 2237 950 2290 riendo
981 2238 1065 2290 sic
1089 2223 1492 2305 appellabant.
1522 2264 1603 2272 —-
1637 2242 1992 2291 arustaenae
2020 2252 2120 2308 pro
2153 2243 2497 2306 arulaenae,
2548 2243 2609 2291 ut
2635 2227 2879 2311 ἆρυστήρ
2912 2251 2994 2308 pro

748 2310 991 2395 ἆρυτήρ.

923 2404 1022 2460 36.
1095 2402 1289 2458 Festus
1322 2402 1446 2460 330
1485 2405 1853 2475 proverbium
1899 2410 1984 2461 est
2027 2408 2086 2459 in
2118 2420 2220 2460 eas
2248 2411 2447 2461 natum
2477 2422 2597 2475 res,
2643 2421 2789 2479 quae
2816 2406 2997 2461 nullius

750 2490 1134 2560 impedimenti
1160 2494 1312 2560 sunt,
1357 2485 1437 2544 ‘in
1482 2493 1678 2561 scirpo
1707 2491 1913 2547 nodum
1943 2492 2276 2563 quaerere'.
2320 2520 2404 2530 ——
2449 2492 2705 2548 Ennius.-
2746 2493 2997 2564 quaerunt

750 2579 810 2630 in
855 2578 1077 2647 scirpo,
1125 2576 1277 2629 soliti
1317 2576 1470 2645 quod
1509 2576 1734 2645 dicere,
1791 2576 2015 2631 nodum.
2073 2605 2158 2615 —
2212 2579 2484 2638 insanus,·
2538 2575 2791 2648 frequens
2831 2577 2999 2647 vulqus

754 2675 913 2713 masc.
964 2674 1162 2730 genere
1192 2659 1380 2730 script.
1413 2659 1603 2730 priscis
1637 2657 1866 2728 Latinis;
1913 2659 2035 2714 alibi
2069 2667 2244 2715 tamen
2276 2658 2513 2715 Lucilius
2555 2659 2792 2716 adhibuit
2819 2665 2997 2716 neutro.

752 2773 837 2784 —
877 2742 1214 2816 facesset-e,-
1259 2744 1478 2814 tollere,
1526 2758 1821 2815 (movere,-
1860 2746 2103 2815 amoliri,
2149 2753 2210 2799 ut
2252 2744 2427 2800 Plaut.
2476 2744 2616 2801 Meu.
2663 2745 2725 2810 fl,
2762 2745 2815 2817 1,
2843 2742 2932 2798 24.

926 2827 1025 2886 37.
1103 2829 1472 2898 cleinopodas
1513 2829 1900 2902 lychnosqu33
1945 2828 2143 2901 pendet
2187 2829 2275 2884 hic
2305 2830 2641 2885 accusativus
2686 2846 2749 2885 ex
2791 2831 2859 2884 eis
2887 2842 2999 2900 quae

757 2919 1160 2986 praecesserant
1205 2928 1288 2985 ap.
1334 2911 1461 2967 Luc.
1524 2943 1608 2952 —
1663 2920 1903 2968 ceterum
1959 2913 2040 2968 his
2088 2912 2259 2968 verbis
2307 2915 2385 2968 vix
2433 2912 2654 2969 dubium
2712 2915 2835 2987 quin
2874 2910 2999 2965 Ennii

756 2998 868 3051 sive
901 2995 1108 3051 Pacuvii
1140 2995 1221 3050 vel
1253 2997 1394 3052 Accii
1424 2996 1732 3052 derideatur
1772 2997 2112 3053 consuetudo
2146 2997 2415 3053 vocabulis
2446 2997 2648 3053 Latinis
2679 2994 3000 3054 substituendi

758 3081 970 3150 Graeca,
1022 3088 1081 3134 ut
1123 3080 1383 3153 grandius
1428 3081 1679 3154 quiddam
1723 3089 1883 3137 sonet
1924 3084 2115 3138 oratio.
2164 3112 2247 3121 —
2292 3090 2347 3138 et
2389 3082 2618 3156 lychnos
2663 3081 2854 3138 Ennius
2893 3078 3001 3136 dixit

758 3167 821 3304 ivnl
860 3180 1012 3308 ¹133}
1048 3166 1386 3305 1y5chnorum
1428 3169 1647 3222 lumina
1693 3167 1776 3223 bis
1818 3181 1944 3223 sex.
1993 3197 2074 3206 —
2120 3167 2182 3221 ad
2226 3166 2363 3222 illud
2406 3169 2775 3239 cleinopodas
2814 3166 2877 3222 cl'.
2906 3179 3000 3219 aen.

827 3293 844 3321 ‚
1014 3278 1098 3289 —
1155 3267 1168 3304 :

1332 3368 1517 3426 lucent
1558 3369 1860 3444 genialibus
1904 3370 2024 3426 altis

929 3471 1090 3524 aurea
1135 3452 1304 3509 l'ulcra
1348 3455 1504 3527 toriS,
1550 3455 1846 3528 epulaeque
1891 3463 2014 3511 ante
2060 3472 2153 3511 ora
2199 3463 2415 3529 paratae

929 3536 1153 3613 regifico
1198 3537 1347 3594 luxu.

763 3693 921 3748 quem
967 3676 1146 3732 locum
1191 3694 1254 3732 ex
1309 3678 1533 3750 antiquo
1578 3685 1739 3749 poeta
1795 3694 2105 3752 expressum
2163 3678 2335 3735 facilis
2391 3681 2495 3735 erit
2548 3681 2827 3737 consensio
2866 3691 3003 3752 penes

764 3760 952 3815 harum
996 3776 1176 3816 rerum
1221 3763 1446 3834 peritoS.
1536 3769 1590 3817 et
1633 3761 1764 3818 illud
1822 3766 2059 3836 regifice
2113 3762 2247 3820 dixit
2289 3763 2493 3820 Ennius
2549 3767 2603 3820 in
2650 3761 3000 3821 Andromacha.

764 3847 893 3899 anti
902 3868 919 3907 ;
976 3844 1135 3899 etiam
1179 3845 1537 3901 Franckenius
1591 3846 1803 3902 videtur
1846 3847 2100 3903 incidisse
2144 3850 2198 3903 in
2243 3850 2605 3905 coniecturam
2652 3849 2888 3918 eandem,
2926 3842 3001 3899 sed

762 3929 945 3984 statim
989 3938 1053 3984 ut
1095 3927 1326 3984 abiceret
1339 3954 1357 3991 ,-
1399 3946 1521 3984 nam
1552 3929 1682 3986 dicit
1711 3930 1770 4000 ll,
1806 3931 1884 3988 59
1927 3924 2062 3988 ἀντὶ
2104 3933 2262 4005 plane
2295 3933 2543 3989 vitiosum
2590 3933 2725 3989 sore.
2796 3934 2880 4007 qui
2918 3945 3004 3984 ma-

761 4029 904 4085 gnus
949 4013 1079 4068 mihi
1123 4013 1225 4068 erit
1268 4013 1511 4086 Apollo,·
1549 4016 1595 4070 si
1643 4015 2124 4089 demonstraverit,
2181 4017 2310 4091 quid
2354 4018 2481 4073 insit
2526 4018 2641 4073 vitii
2696 4020 2751 4074 in
2793 4012 3004 4073 emenda·

764 4100 912 4153 tione
956 4104 1162 4153 nostra.

934 4180 992 4245 11,
1043 4182 1095 4237 1.
1164 4181 1311 4254 quod
1341 4183 1658 4256 scripsimus
1690 4191 1907 4258 estque,
1952 4193 2006 4246 et
2035 4188 2302 4242 sententia
2333 4195 2388 4242 et
2418 4195 2592 4242 metro
2625 4196 2870 4262 cogente,
2905 4197 3005 4239 cave

766 4265 952 4322 credas
998 4266 1336 4322 audaciorem
1381 4268 1527 4323 iusto
1573 4285 1689 4323 eam
1735 4286 1855 4326 esse
1911 4271 2284 4327 mutationem.
2375 4288 2493 4326 nam
2540 4272 2771 4327 Nouium
2811 4271 2862 4326 in
2900 4268 3006 4324 lem-

767 4352 923 4406 matis
967 4367 1104 4425 quae
1147 4359 1275 4407 sunt
1317 4354 1533 4436 inpune
1576 4361 1631 4409 et
1662 4357 1974 4426 rapinator
2017 4356 2205 4412 eodem
2251 4355 2403 4412 l'onte
2434 4373 2590 4411 usum
2636 4372 2771 4428 esse,
2816 4354 3008 4411 docetur

3030 4847 3169 5052 „i
