3267 5075
741 392 870 458 228
1668 390 1888 448 LIBER
1923 393 2093 449 vnn.

739 570 886 618 esset
932 568 1134 625 metro:
1182 560 1324 616 unde
1367 560 1687 634 plerumque
1731 564 1980 635 suspicor
2024 561 2360 617 librariorum
2408 562 2588 618 haberi
2619 558 2843 630 fraudem,
2877 558 2946 630 qui

739 647 875 702 male
920 645 1245 702 crediderint
1290 661 1410 701 esse
1455 645 1787 701 substantiva
1832 648 2049 720 generis
2095 648 2293 703 neutri.
2382 656 2617 703 ceterum
2663 644 2946 717 principium

740 749 866 806 gen.
914 732 1071 786 etiam
1116 730 1319 804 legitur
1359 731 1414 785 in
1457 731 1639 785 Attico
1669 730 1891 803 Nepotis
1925 732 2024 801 17,
2056 731 2115 787 3.
2206 736 2570 803 municipium
2599 729 2744 786 habes
2769 730 2817 783 in
2840 725 2948 781 Cice·

738 818 889 872 ronis
934 817 1177 872 oratione
1220 831 1321 887 pro
1353 814 1569 870 Plancio
1614 815 1651 886 S
1680 815 1779 886 19,
1824 817 1869 871 si
1903 813 2035 871 fides
2066 815 2237 871 codici
2279 817 2501 890 optimo.
2576 815 2641 871 cl'.
2685 813 2866 868 Lachm.
2901 809 2947 864 ad

737 900 895 957 Lucr.
945 901 985 972 l,
1018 899 1159 956 744.
2250 899 2258 907 '

908 986 1009 1043 26.
1081 988 1332 1057 decusis,
1376 986 1683 1041 deensibus
1726 1002 1824 1059 pro
1854 987 2133 1058 decussis,
2170 987 2525 1042 decussibus.
2567 1017 2647 1026 —
2686 988 2870 1056 apparet
2903 995 2951 1033 ex

738 1072 860 1128 loco
905 1071 1176 1141 VarroniS‚
1225 1072 1316 1143 qui
1361 1079 1512 1125 totus
1557 1068 1942 1140 conserenduS,
1987 1069 2232 1126 dubitare
2264 1070 2524 1127 Lucilium
2569 1073 2673 1127 hoc
2711 1071 2952 1123 decussum

739 1159 811 1211 sit
856 1156 1066 1225 meliuS,
1111 1163 1172 1210 ut
1215 1155 1533 1228 suppleatur
1576 1171 1688 1225 aeS,
1734 1172 1798 1209 an
1837 1156 1930 1211 hic
1960 1157 2238 1226 decussis,
2288 1164 2344 1210 ut
2375 1173 2463 1224 as3
2511 1158 2630 1229 quia
2673 1154 2810 1211 etiam
2847 1149 2954 1203 dice-

738 1249 893 1309 retur
937 1257 966 1294 a
1011 1240 1192 1294 multis
1245 1241 1356 1295 hoc
1410 1240 1792 1311 dupondium,
1838 1257 1947 1294 non
1989 1241 2084 1296 hic
2127 1241 2468 1311 dupondius.
2558 1250 2610 1296 et
2660 1238 2819 1313 potuit
2858 1247 2954 1288 sane

739 1324 906 1380 videri
952 1325 1127 1379 minus
1171 1332 1417 1379 accurate
1448 1322 1844 1398 inquirentibus
1875 1323 2137 1380 ablativus
2166 1327 2440 1395 decussis,
2492 1326 2761 1382 centussis
2783 1322 2829 1375 in
2866 1316 2954 1372 tali-

738 1409 839 1463 bus
883 1411 1146 1464 decussis
1189 1416 1474 1479 constare,
1522 1412 1807 1465 centussis
1847 1424 2037 1464 emere
2082 1408 2363 1464 similibus,
2413 1441 2495 1449 —
2540 1411 2779 1475 decusis,
2817 1405 2953 1459 decu-

739 1496 930 1557 sibus3
973 1493 1143 1548 codex
1189 1492 1333 1548 Festi
1379 1492 1524 1564 334,
1567 1492 1647 1548 34
1691 1494 1921 1549 decusis
1965 1495 2212 1550 valebat.

815 1608 821 1615 ·
909 1577 1009 1634 27.
1079 1578 1348 1650 fervere‚·
1391 1577 1591 1651 pendet
1636 1575 1854 1632 verbum
1900 1594 1927 1631 a
1958 1577 2251 1653 prioribuS,
2297 1595 2433 1652 quae
2479 1581 2602 1652 quia
2643 1577 2700 1633 ad
2742 1590 2838 1629 rem
2875 1585 2956 1625 non

740 1662 1022 1734 faciebant,
1069 1665 1248 1718 omisit
1291 1662 1494 1718 Nonius
1510 1704 1528 1738 ,
1585 1663 1726 1716 sicut
1769 1663 1823 1717 in
1869 1663 2113 1735 proximo
2160 1662 2463 1737 fragmento
2507 1663 2597 1718 illa
2641 1663 2801 1736 servit
2838 1669 2957 1728 aqua

741 1757 795 1806 et
834 1749 1047 1821 fervet.
1137 1764 1460 1821 quamquam
1515 1754 1700 1821 potest
1752 1748 1911 1801 etiam
1956 1748 2193 1820 positum
2251 1764 2370 1803 esse
2416 1747 2548 1803 illud
2600 1749 2818 1821 fervere
2854 1742 2958 1801 sicul

739 1852 900 1909 supra
946 1841 1057 1888 est:
1102 1852 1151 1888 r.
1198 1835 1529 1889 nonnullum
1575 1832 1746 1887 habet
1788 1832 1898 1887 hoc
1942 1833 2412 1903 cacosyntheton.

909 1918 1009 1975 28.
1085 1920 1164 1974 ad
1205 1935 1439 1988 annum,
1478 1920 1750 1989 proximo
1794 1934 1979 1979 (ωηο,-
2021 1916 2113 1981 cll,
2140 1916 2322 1972 Lelnn.
2369 1934 2565 1972 comm.
2600 1917 2744 1972 Lucr.
2778 1912 2859 1970 79.
2904 1933 2954 1945 -⁴

738 2005 1064 2061 contrarium
1112 2010 1196 2057 est
1240 2020 1414 2075 anno,
1458 2020 1611 2058 anno
1657 2005 1977 2073 superiore.

909 2086 1007 2143 29.
1079 2085 1293 2142 finxisse
1340 2088 1481 2142 hunc
1526 2105 1573 2140 v.
1622 2086 1916 2157 Barthium,
1962 2084 2150 2140 dubiae
2180 2087 2416 2159 alioquin
2448 2088 2715 2142 hominem
2756 2081 2876 2149 fidei,
2911 2072 2958 2129 ab

740 2173 884 2227 omni
929 2169 1185 2227 abhorret
1229 2169 1637 2245 probabilitate,
1693 2187 1812 2224 eum
1857 2172 1973 2243 ipse
2017 2187 2125 2226 non
2173 2173 2341 2244 inagis
2388 2188 2549 2244 quam
2595 2171 2810 2227 lsidorus
2846 2168 2960 2217 recle

734 2257 1074 2331 perspexerit
1101 2257 1421 2311 sententiam
1452 2257 1588 2310 eiuS.
1643 2286 1711 2293 —-
1763 2256 1933 2329 igitur
1977 2272 2109 2310 usus
2140 2256 2229 2310 ille
2260 2255 2617 2328 locupletiore
2648 2254 2812 2311 codice
2845 2243 2961 2303 diil'e·

734 2343 1054 2412 rentiarum,
1100 2349 1154 2395 et
1200 2339 1475 2395 addendus
1522 2340 1831 2394 hexameter
1877 2340 1962 2394 hic
2007 2349 2131 2412 post
2177 2356 2390 2413 paragr.
2427 2340 2506 2396 37
2554 2358 2668 2414 cap.
2696 2338 2767 2395 49
2798 2325 2961 2391 tomiV

737 2427 822 2481 ed.
872 2428 1027 2488 Arev,

904 2511 1004 2569 30.
1078 2514 1162 2567 sic
1213 2513 1344 2567 ilem
1400 2512 1562 2583 apud
1615 2526 1677 2567 se
1720 2527 1767 2565 e.
1804 2527 1855 2584 q.
1889 2527 1969 2578 S.;
2027 2525 2154 2568 sane
2199 2508 2476 2566 fatendum
2533 2511 2586 2565 in
2641 2510 2761 2584 ipsis
2810 2500 2960 2559 Lucilii

732 2598 950 2669 scriptis
993 2595 1234 2671 regulam
1281 2594 1344 2650 ab
1390 2613 1455 2650 eo
1504 2596 1840 2669 propositam
1886 2594 2105 2666 violari,
2151 2612 2212 2651 ea
2258 2604 2441 2650 tamen
2483 2597 2808 2651 excusatione
2846 2584 2960 2661 quod

734 2683 906 2737 oratio
951 2689 1035 2736 est
1077 2680 1336 2736 mulieris
1428 2689 1574 2735 extat
1619 2696 1807 2734 versus
1853 2696 2013 2753 quem
2060 2679 2180 2735 dico
2227 2679 2262 2735 l.
2311 2679 2473 2735 XXX:

901 2810 1013 2867 bito
1059 2810 1199 2883 apud
1247 2808 1552 2881 aurificem,
1595 2807 1661 2863 ad
1706 2817 1961 2879 matrem,
2007 2816 2326 2882 cognatam,
2374 2808 2438 2864 ad
2484 2810 2717 2866 amicam.
2756 2837 2829 2847 —-

733 2957 970 3004 ceterum
1016 2949 1157 3004 sicut
1199 2948 1286 3002 hic
1330 2949 1410 3003 ad
1449 2956 1505 3003 et
1549 2949 1732 3020 apud,
1798 2948 1869 3001 ita
1927 2944 2047 3001 alibi
2095 2948 2148 3002 in
2204 2948 2310 3002 hoc
2364 2945 2502 3003 libro
2551 2951 2681 3021 quin
2732 2947 2801 3002 ad
2834 2944 2961 2998 etat

732 3032 1038 3087 distinxerit
1066 3032 1300 3087 Lucilius
1345 3043 1454 3087 non
1501 3042 1586 3087 est
1628 3031 1882 3100 dubiu1n3
1929 3048 2106 3105 neque
2137 3030 2391 3087 abhorret
2421 3049 2448 3087 a
2481 3032 2835 3106 probabilitate
2871 3038 2960 3081 eam

731 3118 1029 3190 scripturae
1073 3115 1423 3171 differentiam
1469 3134 1571 3189 qua
1616 3132 1717 3172 nos
1754 3117 1959 3172 utimur
2002 3118 2056 3172 in
2101 3117 2484 3191 distinguenda
2514 3116 2884 3191 praepositione
2919 3116 2961 3162 et

729 3202 1114 3258 coniunctione
1154 3200 1357 3256 Lucilio
1403 3209 1624 3256 auctore
1670 3202 1929 3256 evenisse.
2520 3225 2528 3228 ’

901 3286 999 3343 32.
1076 3290 1197 3357 isli,
1256 3284 1359 3340 uhi
1389 3284 1761 3359 monosyllabo
1806 3287 1860 3341 in
1906 3284 2010 3341 line
2058 3303 2242 3342 versus
2287 3288 2468 3361 posito
2524 3288 2725 3342 minora
2764 3277 2960 3338 animalia

729 3371 1082 3445 explicantur.
1156 3374 1475 3445 qraliores3
1515 3373 1816 3444 qraviores
1847 3369 2204 3427 Franckenius
2250 3381 2438 3427 contra
2469 3375 2782 3428 sententiam
2808 3362 2958 3422 Servil-

730 3455 875 3512 cons.
910 3457 1069 3512 etiam
1100 3455 1284 3524 Quint.
1317 3454 1448 3530 Vlll,
1483 3455 1542 3528 3,
1574 3454 1676 3512 20.
1721 3485 1806 3494 -
1850 3464 2090 3510 ceterum
2136 3457 2266 3511 satis
2297 3472 2456 3529 saepe
2490 3454 2632 3511 liniri
2676 3457 2961 3512 hexametros

730 3539 1032 3596 Lucilianos
1086 3539 1459 3613 monosyllabo
1504 3539 1860 3613 praecedente
1904 3538 2189 3612 plusquam
2233 3541 2610 3614 monosyllabo
2655 3547 2843 3597 notum.

901 3611 1000 3703 ἎἘ.
1069 3626 1204 3681 hinc
1247 3641 1295 3680 e.
1330 3643 1380 3698 q.
1412 3642 1492 3694 S.;
1537 3625 1693 3679 etiam
1739 3640 2014 3680 sacrorum
2061 3626 2198 3679 ritus
2243 3624 2279 3680 l.
2328 3625 2457 3680 Vllll
2503 3632 2829 3698 persecutum
2867 3630 2961 3673 esse

728 3706 858 3762 Luc.
906 3701 1221 3781 fragmentis
1277 3717 1333 3764 et
1376 3710 1475 3766 hoc
1530 3717 1585 3764 et
1642 3718 1903 3782 sequente
1960 3707 2159 3781 quihus
2213 3709 2281 3764 de
2337 3708 2614 3766 Saliarium
2670 3706 2960 3765 sacerdotum

728 3792 1063 3847 caerimoniis
1105 3794 1286 3866 agitur
1328 3794 1539 3850 videtur
1580 3792 1804 3848 adstrui.
1864 3824 1939 3832 —
1998 3796 2270 3866 capulus,-
2322 3793 2461 3865 l'ugit
2505 3793 2818 3851 priscianum
2854 3782 2959 3844 illud

728 3878 973 3947 cupidas
1015 3893 1124 3932 non
1168 3878 1341 3932 minus
1386 3886 1507 3951 apte
1553 3886 1716 3952 atque
1760 3878 1893 3934 adeo
1939 3879 2040 3933 nisi
2090 3878 2244 3935 fallor
2299 3880 2500 3935 rectius
2556 3896 2720 3954 posse
2759 3872 2957 3950 repotia

727 3962 1056 4017 nominativo
1103 3964 1345 4032 capiam,-
1388 3965 1527 4018 sicut
1559 3966 1812 4030 cassida,
1859 3963 2184 4037 chlamyde,
2228 3966 2501 4035 lampada
2534 3964 2722 4020 similia
2747 3961 2957 4036 pleraque

728 4047 1094 4120 reperiuntur.

899 4131 998 4187 37.
1067 4132 1229 4194 inde,·
1272 4130 1358 4185 hic
1402 4131 1561 4186 solita
1606 4133 1660 4188 in
1704 4131 1848 4187 Festi
1894 4130 2070 4187 verbis
2100 4134 2452 4189 restituendis
2494 4133 2719 4190 felicitas
2760 4122 2960 4186 destituit

730 4214 1060 4271 Odol'redum
1092 4214 1428 4287 Muellerum,
1475 4216 1566 4289 qui
1610 4217 1758 4272 nulla
1801 4207 2225 4273 membranarum
2257 4211 2764 4274 auctoritate'iutus
2791 4208 2964 4285 scripsit

730 4301 879 4355 ollim
923 4317 1022 4373 pro
1065 4303 1212 4357 inde.
1302 4317 1418 4356 nam
1478 4302 1581 4356 etsi
1625 4301 1729 4357 hoc
1781 4303 1954 4375 ipsum
2001 4301 2315 4358 vocabulum
2371 4302 2495 4358 alibi
2555 4304 2817 4377 reperitur
2852 4289 2963 4370 apud

730 4381 1011 4458 Lucilium,
1067 4395 1244 4441 tamen
1303 4393 1362 4440 ut
1416 4384 1597 4440 eadem
1655 4392 1816 4458 atque
1871 4388 2006 4443 illim
2062 4388 2173 4442 sive
2226 4390 2384 4443 illinc
2440 4387 2782 4443 adhiberetur
2818 4382 2874 4438 ab
2913 4392 2964 4434 eo
