3267 5075
628 343 737 402 XX
1072 335 1601 403 QUAESTIONUM
1641 332 2204 388 LUCILIANARUM
2239 332 2474 389 LIBER.

625 506 773 565 adeo
808 506 871 564 in
907 505 1115 565 eadem
1151 506 1480 582 antiquitus
1518 505 1705 564 fuisse
1743 504 1985 580 positos,
2030 522 2165 563 cum
2202 521 2276 560 ne
2313 500 2491 559 unius
2529 499 2764 575 quidem
2788 516 2934 556 car-

625 612 802 670 minis
841 611 1107 670 ordinem
1143 613 1403 688 priscum
1430 613 1551 671 iam
1585 612 1767 671 liceat
1803 611 1973 674 nobis
2009 610 2329 668 restituere
2375 626 2629 682 cumque
2663 606 2934 665 diversa-

627 738 762 777 rum
790 718 1162 794 singulorum
1178 719 1545 780 voluminum
1576 722 1916 777 saturarum
1945 736 2137 792 neque
2157 733 2470 775 numerum
2491 732 2682 789 neque
2711 713 2938 772 seriem

628 825 923 900 possimus
950 844 1320 902 recuperare.

805 933 1015 1009 Itaque
1036 932 1229 1009 siquid
1248 932 1605 1008 profecimus
1632 934 1697 992 in
1715 933 1930 993 Lucilii
1953 932 2308 1009 fragmentis
2328 933 2468 1006 apte
2488 927 2936 1000 concinnandis„

630 1039 693 1097 id
719 1040 909 1116 magis
929 1040 1140 1116 regina
1165 1039 1270 1099 illa
1297 1058 1366 1098 ac
1394 1040 1633 1100 domina
1659 1060 1862 1099 rerum
1890 1040 2122 1100 ratione
2142 1059 2323 1116 quam
2343 1037 2713 1096 extrinsecus
2733 1033 2938 1095 ductis

634 1146 820 1222 signis
848 1147 1274 1222 praestitimus.
1905 1155 1908 1162 '

809 1252 1234 1314 Lactantius
1272 1274 1424 1331 quae
1452 1255 1652 1314 adfert
1678 1255 1892 1315 Lucilii
1921 1256 2264 1333 fragmenta
2289 1251 2826 1330 praestantissima,
2853 1269 2942 1308 ea

634 1361 832 1419 omnia
859 1379 931 1419 ex
949 1359 1245 1421 Ciceronis
1275 1362 1510 1438 scriptis
1541 1365 1603 1421 et
1629 1363 1870 1438 quidem
1891 1365 2135 1438 excepto
2155 1362 2412 1422 fortasse
2432 1379 2614 1422 versu
2631 1358 2939 1418 trochaico

634 1484 705 1524 ex
732 1466 902 1525 libris
931 1466 1004 1526 de
1033 1488 1097 1527 re
1124 1469 1364 1544 publica
1391 1472 1630 1545 sumpta
1657 1470 1876 1529 habeto
1904 1488 2276 1545 persuasum.

758 1643 767 1654 ο
811 1572 974 1642 Quae
1011 1575 1074 1633 in
1101 1575 1362 1635 Donati
1405 1577 1642 1636 scholiis
1672 1576 2046 1637 Terentianis
2086 1578 2294 1634 extant
2328 1575 2673 1651 fragmenta
2698 1572 2936 1644 Lucilii,

638 1700 709 1740 ea
746 1684 815 1740 ut
851 1682 1125 1758 egregiae
1164 1685 1313 1742 sunt'
1341 1683 1717 1759 antiquitatis
1759 1677 1926 1765 (nam
1962 1702 2082 1743 non
2116 1683 2292 1742 modo
2328 1682 2483 1740 liber
2510 1682 2700 1754 XXII,
2740 1681 2843 1739 sed
2869 1682 2941 1737 et

638 1788 935 1848 trochaica
952 1789 1050 1849 vel
1067 1789 1320 1848 iambica
1347 1789 1627 1865 eiusdem,
1667 1790 1818 1851 citra
1844 1809 2161 1849 numerum
2189 1793 2393 1848 tamen
2420 1790 2574 1862 libri,
2605 1806 2938 1847 memoran-

639 1887 782 1973 tur),
812 1895 1005 1970 petita
1031 1899 1176 1970 puto
1205 1914 1277 1953 ex
1304 1894 1484 1955 Probi
1511 1897 1613 1972 qui
1642 1897 1883 1957 Traiani
1911 1897 2029 1956 fuit
2056 1898 2256 1956 aetate
2285 1896 2654 1956 commentis.

816 1999 1189 2061 Charisius
1240 2004 1312 2059 ut
1353 2000 1697 2083 Cominiano
1740 2009 1803 2065 et
1842 2006 2199 2065 Palaemone
2240 2004 2328 2063 ita
2369 2002 2608 2078 saepius
2652 2021 2800 2061 usus
2842 2003 2939 2059 est

637 2107 776 2166 Iulii
825 2106 1076 2167 Romani
1127 2108 1336 2185 copiis3
1397 2128 1469 2168 ex
1512 2112 1730 2187 quibus
1778 2132 1913 2171 eum
1969 2112 2283 2188 potissima
2328 2104 2545 2169 Lucilii
2598 2110 2940 2185 fragmenta

641 2214 964 2290 sumpsisse
995 2218 1089 2274 sat
1115 2219 1382 2292 apparet.
1416 2248 1490 2258 —
1524 2218 1826 2278 Romanus
1850 2217 1913 2279 O.
1932 2219 2111 2277 Plinii
2131 2217 2510 2295 potissimum
2537 2217 2742 2290 libros,
2771 2233 2939 2291 prae-

641 2325 807 2381 terea
834 2321 1027 2397 Capri,
1066 2321 1333 2396 Acronis,
1362 2322 1559 2399 Aspri,
1591 2324 1796 2385 Scauri
1825 2326 2184 2400 compilavit.
2220 2357 2294 2365 —
2340 2323 2681 2383 Charisium
2715 2323 2938 2398 pariter

643 2448 710 2487 ac
738 2429 1083 2488 Diomedem
1104 2429 1377 2489 Servium
1394 2429 1766 2491 Priscianum
1796 2433 2098 2492 doctrinae
2130 2451 2200 2491 ex
2228 2431 2454 2490 Valerii
2482 2430 2665 2490 Probi
2693 2430 2936 2487 minoris

642 2538 866 2612 petitae
896 2538 1218 2613 specimina
1245 2555 1488 2612 parasse
1527 2558 1597 2597 ex
1627 2538 1806 2615 Capri
1835 2541 2069 2616 scriptis
2097 2540 2490 2616 probabiliter
2527 2537 2744 2598 statuit
2771 2536 2938 2595 Steu-

642 2644 774 2719 pius
814 2644 951 2703 libri
988 2645 1061 2704 de
1100 2643 1310 2703 Probis
1348 2647 1750 2720 grammaticis
1786 2666 1885 2723 pg.
1921 2649 2062 2707 192.
2107 2679 2182 2688 -
2227 2648 2412 2707 semel
2450 2643 2758 2704 Charisius
2796 2662 2936 2702 usus

644 2754 738 2809 est
764 2752 802 2810 l.
832 2750 1026 2809 XXIX
1058 2747 1197 2826 [22]
1245 2781 1319 2790 -
1363 2752 1517 2810 male
1546 2753 1703 2811 enim
1739 2753 1943 2812 adlata
1980 2754 2055 2812 ab
2084 2755 2195 2813 hoc
2223 2754 2337 2813 vol.
2368 2752 2507 2810 XIX
2542 2755 2604 2812 et
2631 2751 2936 2827 dactylicis

644 2859 905 2916 numeris
934 2858 1149 2916 tribuit
1172 2858 1613 2919 Lindemannus
1651 2892 1725 2900 —
1761 2860 2069 2937 eidemque
2097 2860 2296 2935 potius
2326 2848 2505 2934 quam
2531 2855 2731 2915 XXVI
2762 2856 2936 2915 etiam

647 2963 905 3022 adscribi
930 2965 1035 3022 illa
1061 2961 1303 3023 Arabus
1331 2969 1562 3040 artemo,
1591 2986 1745 3043 quae
1772 2968 2058 3043 leguntur
2085 2987 2183 3043 pg.
2219 2969 2317 3039 99,
2348 2966 2452 3023 ubi
2481 2968 2575 3024 est
2602 2964 2665 3022 in
2694 2962 2937 3038 Neapol.

648 3071 916 3129 Lucinas
938 3070 1142 3139 XXV,
1163 3072 1418 3131 fortasse
1440 3092 1471 3131 e
1492 3092 1555 3132 re
1576 3073 1710 3132 fuit.
1732 3104 1806 3113 —-
1828 3072 2231 3146 DiomedeS,
2254 3090 2430 3148 quem
2451 3074 2512 3130 et
2529 3045 2728 3146 ipsum
2750 3069 2940 3128 medio

649 3196 796 3237 saec.
835 3177 923 3236 IV
959 3177 1178 3237 vixisse
1225 3179 1530 3253 probabile
1579 3185 1685 3254 est,
1736 3181 1851 3240 etsi
1894 3200 2030 3240 raro
2076 3180 2272 3240 adfert
2318 3182 2589 3237 auctores
2633 3178 2793 3235 unde
2837 3193 2943 3234 sua

648 3284 863 3357 hausit,
903 3285 1091 3344 isdem
1128 3285 1254 3343 fere
1283 3285 1499 3360 quibus
1529 3285 1834 3347 Charisius
1863 3287 2129 3347 fontibus
2167 3290 2406 3362 praeter
2434 3285 2768 3355 Romanum
2796 3301 2940 3341 usus

651 3409 781 3449 esse
808 3392 1120 3466 reperitur.
1165 3423 1238 3432 —
1282 3393 1440 3450 idem
1468 3413 1619 3469 quae
1649 3395 1710 3452 in
1745 3394 1899 3453 libro
1936 3394 2029 3451 III
2066 3395 2138 3452 de
2178 3397 2383 3452 satura
2410 3393 2656 3467 profert,
2704 3410 2777 3449 ex
2806 3390 2945 3448 Sue-

650 3498 813 3557 tonio
852 3501 1091 3572 sumpta
1127 3518 1255 3557 esse
1293 3503 1432 3574 apte
1469 3503 1673 3559 monet
1696 3500 1940 3559 Iahnius
1978 3520 2128 3559 mus.
2167 3501 2353 3558 Rhen.
2392 3498 2587 3571 VIIII,
2622 3499 2751 3558 620
2792 3517 2944 3572 sqq.;

652 3608 714 3662 et
749 3604 919 3663 initio
955 3604 1094 3662 libri
1132 3605 1204 3663 de
1232 3605 1376 3664 viris
1412 3606 1748 3664 illustribus
1786 3607 1973 3681 partis
2013 3607 2139 3665 eius
2178 3627 2294 3682 quo
2334 3606 2406 3665 de
2444 3605 2637 3681 poetis
2676 3605 2947 3679 disputat

651 3711 1039 3786 probabiliter
1080 3711 1343 3770 tribuere
1386 3712 1497 3771 viri
1539 3712 1714 3772 docti.
1790 3732 1861 3772 ea
1904 3713 1954 3771 si
1994 3713 2175 3772 altius
2217 3713 2609 3788 introspiciaS,
2656 3731 2726 3770 ex
2767 3709 2948 3769 Probi

653 3818 1090 3877 commentariis
1120 3816 1416 3876 Persianis
1454 3819 1900 3895 videntur‘esse
1929 3819 2210 3896 repetita3
2247 3820 2300 3878 is
2329 3822 2533 3878 autem
2561 3820 2847 3894 pleraque
2877 3835 2948 3875 ex

653 3924 938 3983 Varronis
967 3924 1122 3982 libro
1142 3924 1215 3981 de
1234 3924 1523 3998 poematis
1551 3926 1613 3984 in
1641 3926 1911 4000 proprios
1942 3944 2085 3984 usus
2104 3927 2358 3986 vertisse
2379 3926 2806 3985 existimandus
2837 3926 2946 3982 est.

830 4030 1192 4090 Ausonius
1222 4030 1325 4106 qui
1353 4030 1708 4105 aliquotiens
1738 4031 1932 4090 Lucili
1959 4033 2231 4091 meminit
2258 4052 2332 4091 ne
2360 4022 2788 4092 accuratiorem
2818 4030 2947 4088 eius

654 4139 846 4216 magis
876 4156 1057 4213 quam
1075 4136 1253 4194 Ennii
1280 4135 1559 4195 habuisse
1589 4137 1793 4199 credas
1822 4137 2098 4213 peritiam
2127 4140 2223 4198 vel
2252 4158 2322 4197 ea
2347 4159 2413 4198 re
2442 4139 2756 4215 prohibere
2786 4136 2946 4212 quod

655 4249 855 4307 vatem
892 4248 1066 4305 vocat
1101 4244 1272 4302 illum
1308 4242 1583 4318 quodque
1628 4243 2001 4319 ineptissima
2038 4245 2110 4303 de
2148 4246 2325 4305 tmesi
2362 4246 2678 4306 verborum
2714 4243 2945 4301 Lucilio

656 4354 833 4415 solita
859 4354 1103 4431 profert,
1133 4369 1283 4427 quae
1313 4350 1623 4425 exscripsit
1650 4349 1953 4426 Eugenius
1984 4351 2324 4411 Toletanus.
2381 4371 2488 4411 nec
2521 4371 2679 4427 vero,
2710 4350 2948 4410 etiamsi
