3267 5075
1381 345 1600 399 LIBER
1645 346 1687 400 I.
2640 346 2682 411 5

1288 505 1506 572 XXIV
1555 509 1695 590 [19]
1728 533 1770 573 α
1805 583 1810 588 ,

557 622 772 686 voltus
817 622 973 686 item
1018 625 1092 686 ut
1136 622 1357 688 facies:
1405 646 1578 688 mors
1587 674 1605 707 ,
1651 622 1870 689 icteru'
1917 624 2182 709 morbu'‚
2228 647 2564 692 venenum.

1364 737 1547 820 XXV.
1593 737 1683 821 β*

411 852 509 916 30
556 874 724 937 quae
768 852 984 937 facieS,
1031 854 1142 938 qui
1186 852 1382 919 voltu'
1429 854 1614 919 viro?
1674 904 2046 924 „„„„„„„

1264 969 1482 1034 XXVI
1529 968 1637 1053 [11‚
1671 970 1781 1049 10]

552 1085 751 1149 stulte
797 1085 1104 1149 saltatum
1147 1089 1212 1150 te
1257 1086 1427 1150 inter
1471 1086 1723 1150 venisse
1770 1085 2087 1150 cinaedos,

1296 1199 1546 1265 XXVII
1595 1202 1734 1282 [23]

548 1316 817 1381 inritata
861 1338 1052 1380 canes
1098 1339 1293 1401 quam
1336 1317 1532 1382 homo
1581 1340 1775 1401 quam
1819 1314 2058 1399 planiu'
2105 1317 2277 1381 dicit.

722 1433 741 1468 Ι
1286 1430 1569 1496 XXVIII
1616 1433 1757 1513 [12]

548 1547 606 1612 si
649 1569 783 1612 non
829 1549 1120 1633 ampliuS‚
1167 1550 1247 1613 ad
1293 1550 1569 1613 lustrum
1612 1548 1737 1612 hoc
1782 1549 2159 1631 protolleret
2202 1571 2421 1613 unum.

1310 1662 1526 1728 XXIX
1573 1664 1714 1744 [13]
2281 1745 2288 1754 ·

548 1780 631 1845 ad
675 1802 900 1845 cenam
946 1779 1257 1845 adducam
1303 1783 1380 1851 et,
1412 1780 1693 1864 primum
1737 1778 1914 1844 hisce
1961 1780 2309 1844 abdomina
2351 1779 2586 1845 thunni

405 1896 499 1961 35
547 1895 1015 1960 advenientibu'
1061 1896 1244 1979 priva
1287 1895 1456 1960 dabo
1503 1894 1970 1979 cephalaeaque
2015 1894 2348 1960 acharnae.

354 2056 564 2109 villosa
585 2060 784 2120 tapeta.
822 2053 1147 2106 Lucilius.
1221 2055 1403 2106 XXIV
1434 2055 1574 2105 Non.
1595 2056 1714 2116 426,
1734 2058 1800 2106 33
1819 2054 2006 2106 vultus
2024 2058 2108 2105 est
2125 2052 2383 2106 voluntas
2405 2072 2545 2122 quae
2567 2072 2665 2122 pro

353 2130 519 2177 motu
541 2124 710 2174 animi
731 2125 791 2174 in
814 2124 955 2175 facie
983 2123 1304 2185 ostenditur,
1324 2123 1531 2174 facies·
1516 2138 1636 2188 rpsa
1656 2123 1766 2174 oris
1788 2123 2019 2187 species.
2066 2122 2362 2175 Sallustius
2379 2150 2447 2159 -
2472 2126 2508 2173 L
2526 2126 2667 2176 uci-

352 2194 498 2245 lius
525 2197 829 2256 satyrarum
854 2190 946 2242 lib.
977 2193 1018 2240 1.
1086 2191 1274 2242 XXV
1317 2191 1448 2242 Isid.
1468 2190 1901 2241 differentiarum
1935 2190 2030 2240 lib.
2065 2191 2122 2241 ΙΙ
2150 2187 2239 2257 [V‚
2267 2194 2332 2243 68
2366 2191 2446 2241 ed.
2475 2190 2662 2258 Mign.]

354 2261 588 2312 facies
628 2265 713 2310 est
746 2259 1013 2310 naturalis
1050 2259 1159 2309 oris
1195 2259 1421 2309 habitus
1456 2258 1824 2318 immutabilis,
1860 2258 2049 2309 vultus
2086 2274 2216 2309 vero
2253 2272 2352 2324 pro
2387 2275 2563 2310 rerum
2599 2276 2665 2311 ac

351 2336 669 2394 temporum
707 2327 973 2393 qualitate
1006 2328 1196 2378 varius
1242 2330 1297 2376 et
1330 2326 1644 2388 mutabilis,
1688 2332 1744 2376 et
1788 2326 2077 2377 secundum
2122 2326 2465 2378 affectionem
2499 2328 2665 2378 animi

356 2397 523 2447 modo
559 2395 735 2447 laetus
772 2394 929 2445 modo
965 2395 1144 2446 tristis
1170 2421 1236 2430 —
1261 2397 1447 2460 itaque
1486 2364 1792 2445 Lucilius
1827 2394 1962 2445 haec
1999 2395 2158 2459 quasi
2194 2395 2533 2459 distinguens
2568 2397 2663 2447 ait.

430 2464 616 2514 XXVI
639 2464 778 2513 Non.
801 2465 852 2526 5,
872 2466 937 2513 20
955 2463 1141 2513 cinae
1154 2463 1216 2512 di
1236 2462 1370 2512 dicti
1391 2468 1519 2513 sunt
1539 2463 1684 2527 apud
1704 2468 1912 2513 veteres
1934 2462 2222 2513 saltatores
2241 2462 2328 2512 vel
2347 2464 2663 2528 pantomimi

356 2523 481 2584 ἀπὸ
521 2530 622 2584 τοῦ
658 2536 848 2584 κινεῖν
883 2529 1059 2598 σῶμα.
1143 2530 1371 2582 Plautus
1397 2559 1459 2567 -
1485 2530 1628 2581 idem
1653 2560 1716 2567 —
1742 2530 1883 2581 idem
1909 2558 1972 2566 --
1999 2530 2307 2582 Lucilius
2352 2536 2663 2596 satyrarum

353 2602 457 2652 lib.
484 2603 511 2651 Ι
536 2599 679 2665 (lib.
708 2601 772 2650 ΙΙ
795 2600 957 2663 Ιιιιι..)
1044 2599 1256 2650 XXVII
1301 2598 1442 2652 Non.
1471 2602 1553 2662 31,
1577 2603 1640 2648 21
1666 2600 1944 2650 irritare
1971 2599 2293 2661 (inritare
2318 2601 2362 2650 L
2386 2602 2434 2660 1)
2459 2600 2664 2650 dictum

354 2675 450 2720 est
486 2668 702 2734 proprie
736 2683 1060 2733 provocare3
1109 2671 1345 2718 tractum
1379 2682 1414 2717 a
1448 2667 1704 2729 canibus,
1752 2668 1844 2732 qui
1879 2682 1998 2717 cum
2043 2673 2408 2732 provocantur
2443 2668 2659 2719 irriunt.

357 2737 674 2788 Lucilius
708 2741 1013 2799 satyrarum
1043 2735 1135 2785 lib.
1168 2736 1210 2786 Ι.
1257 2761 1322 2770 -
1368 2732 1580 2786 Charis.
1624 2738 1722 2786 100
1758 2750 1952 2786 canes
1990 2734 2294 2786 Lucilius
2332 2737 2355 2785 I
2395 2737 2659 2786 ‘irritata’

356 2821 405 2859 e.
427 2821 477 2871 q.
500 2822 542 2858 s.
566 2820 664 2872 pro
692 2804 863 2855 canis.
890 2830 955 2839 —
980 2804 1120 2854 idem
1142 2804 1237 2853 118
1260 2803 1349 2852 hic
1372 2806 1427 2852 et
1449 2802 1585 2854 haec
1612 2809 1840 2868 torques
1864 2803 2218 2866 nominativo,
2244 2808 2306 2853 ut
2331 2803 2420 2852 hie
2445 2808 2501 2853 et
2527 2804 2661 2855 haec

356 2922 527 2959 canes
586 2869 820 2969 (canes
855 2901 1070 2970 Neap.).
1143 2908 1195 2953 et
1230 2903 1364 2953 haec
1398 2918 1560 2954 canes
1587 2903 1676 2967 (‘e.
1700 2904 1752 2955 h.
1784 2909 1854 2954 c.'
1884 2920 1983 2955 οιιι.
2010 2903 2083 2968 v.)
2109 2920 2142 2953 a
2165 2898 2432 2956 Lucilio
2457 2905 2596 2957 libro
2632 2909 2659 2957 I

360 2975 573 3027 dictum
608 2975 858 3040 legimus.
897 3001 961 3011 -
1009 2973 1150 3023 Don.
1186 2971 1254 3022 ad
1287 2972 1409 3023 Ter.
1448 2971 1549 3022 Ad.
1582 2971 1659 3037 ΙΙ,
1697 2975 1747 3036 4,
1790 2974 1851 3023 18
1888 2973 2096 3023 irritari
2134 2974 2348 3038 proprie
2386 2989 2546 3024 canes
2581 2975 2659 3024 di-

358 3049 578 3094 cuntur.
614 3041 922 3093 Lucilius
942 3039 1276 3107 (Lucillus
1296 3040 1380 3090 ed.
1405 3038 1603 3105 princ.)
1625 3011 1691 3090 de
1713 3011 1902 3091 littera
1921 3057 1961 3090 r.
2032 3041 2269 3092 XXVIII
2295 3041 2435 3091 Non.
2461 3044 2573 3104 159,
2594 3045 2658 3092 22

359 3110 733 3193 protollere
761 3114 849 3160 est
878 3109 1108 3159 differre.
1158 3108 1407 3159 Lucilius
1442 3111 1752 3171 satyrarum
1778 3107 1870 3158 lib.
1899 3110 1943 3158 Ι.
2052 3109 2231 3158 XXIX
2276 3109 2414 3159 Non.
2445 3111 2561 3170 159,
2591 3112 2658 3160 24

357 3180 555 3244 priva
591 3177 866 3242 significat
900 3176 1133 3241 singula.
1205 3175 1516 3226 Lucilius
1553 3181 1859 3240 satyrarum
1893 3176 1988 3231 lib
2012 3178 2039 3227 I
2065 3177 2133 3226 ad
2156 3203 2222 3212 —
2246 3176 2489 3227 dab0.-—
2518 3147 2656 3227 idem

357 3249 447 3310 35,
476 3249 608 3298 198.
633 3262 684 3296 v.
721 3246 986 3311 privum.
1039 3244 1349 3295 Lucilius
1380 3244 1472 3294 lib.
1511 3243 1664 3293 XXX
1692 3244 1973 3294 —idem.
2011 3244 2132 3294 abd.
2160 3249 2200 3294 t.
2225 3260 2305 3309 pr.
2343 3244 2393 3295 d.
2432 3271 2495 3279 —-—
2532 3243 2657 3294 Gel

352 3315 466 3366 lius
494 3315 560 3378 X,
587 3317 669 3377 20,
689 3317 724 3364 4
744 3319 963 3365 veteres
999 3314 1191 3378 priva
1215 3312 1486 3375 dixerunt,
1526 3326 1662 3376 quae
1685 3328 1788 3363 nos
1814 3312 2033 3376 singula
2055 3311 2296 3364 dicimus,
2358 3329 2462 3377 quo
2487 3312 2655 3364 verbo

352 3380 670 3434 Lucilius
720 3382 779 3432 in
821 3383 995 3448 primo
1040 3384 1348 3445 satyrarum
1388 3379 1530 3430 libro
1576 3394 1709 3431 usus
1756 3385 1869 3431 est:
1894 3380 2205 3442 ‘abdomina
2251 3394 2295 3429 e
2346 3395 2396 3445 q.
2433 3396 2476 3432 s.

527 3557 607 3617 29
654 3558 836 3616 vultus
881 3559 1009 3616 cdd.
1053 3588 1139 3598 —
1180 3557 1372 3616 icteru'
1407 3557 1523 3629 Sa,
1572 3559 1709 3614 citer
1753 3558 1904 3614 libri.
1958 3586 2027 3596 —
2079 3527 2301 3613 morbds
2348 3558 2414 3615 (Ξῖ.
2573 3558 2656 3615 30

354 3643 538 3700 vultus
587 3662 638 3701 v.
686 3667 693 3674 ·
814 3644 893 3701 31
941 3642 1163 3699 cinedos
1207 3643 1255 3700 L
1291 3644 1355 3712 1,
1413 3642 1648 3699 cinaedis
1694 3641 1821 3698 L2.
1998 3640 2077 3699 32
2123 3642 2330 3698 irritata
2378 3643 2425 3698 G
2470 3650 2525 3699 et
2569 3646 2655 3699 sic

353 3732 481 3801 ipse
525 3729 748 3786 Nonius
761 3754 780 3793 ,·
822 3733 905 3785 ita
953 3732 1122 3785 etiam
1151 3729 1436 3785 Donatus.
1485 3757 1556 3768 -
1607 3728 1754 3783 canis
1784 3727 2085 3790 Donatus,·
2128 3742 2258 3783 cane
2285 3728 2421 3784 libri
2463 3727 2654 3784 Nonii.

355 3845 440 3853 -
486 3813 632 3888 quod
677 3814 842 3870 homo
890 3829 1046 3888 quam
1092 3812 1324 3887 plurima
1367 3812 1534 3869 dictat
1579 3815 1704 3869 edd.
1749 3815 1961 3885 princ„
2027 3810 2164 3867 Ven.
2211 3813 2431 3868 Donati
2439 3837 2458 3876 ;
2503 3831 2554 3869 v.
2601 3829 2652 3869 c.

353 3899 763 3972 Idndenbroyii
823 3898 1042 3974 planitis
1108 3896 1349 3968 dictitat3
1414 3914 1589 3954 mser.
1660 3898 1854 3954 Hulst.
1893 3893 2105 3970 plamos
2171 3897 2352 3953 dictat.
2569 3897 2650 3954 33

357 3983 592 4040 lustrum
636 3985 878 4053 Aldina,
939 3982 1170 4039 instrum
1218 3985 1345 4040 cdd.
1397 4014 1472 4023 -
1521 3999 1592 4038 no
1628 4000 1746 4054 pro
1792 3982 1838 4037 si
1884 3981 1949 4037 G.
2124 3981 2205 4039 34
2251 3999 2465 4038 caenam
2513 3982 2560 4036 L
2594 3982 2652 4053 1,

353 4087 469 4127 non
517 4070 583 4125 G.
631 4099 715 4108 —
760 4068 1014 4124 abducam
1056 4069 1168 4139 Dp.
1220 4094 1296 4106 ——
1344 4068 1455 4124 isce
1496 4068 1647 4124 libri.
1695 4098 1775 4105 —
1822 4067 1978 4122 tunni
2022 4067 2159 4122 libri
2201 4065 2506 4134 Nom-353
2562 4065 2652 4121 ad·
2723 4106 2729 4112 .

353 4153 599 4210 dominat
652 4154 838 4228 hymni
904 4156 990 4211 vel
1045 4153 1212 4208 himni
1271 4155 1416 4209 idem
1476 4152 1626 4221 1593
1700 4153 1882 4226 thyma
1940 4152 2278 4207 venientibus
2337 4151 2412 4213 L,·
2487 4150 2650 4206 thinia

352 4234 681 4330 venbntibus
725 4272 812 4336 R,·
857 4273 1038 4347 thynia
1070 4271 1386 4329 venantibus
1418 4272 1504 4337 B‚·
1552 4272 1756 4328 [hinnis
1803 4269 2140 4327 venientibus
2189 4271 2263 4334 V,·
2311 4270 2500 4344 thynni
2532 4286 2650 4325 ave-

354 4348 634 4415 nientibus
662 4362 769 4415 rel.
840 4357 918 4414 35
951 4374 1170 4414 acernae
1195 4359 1324 4416 cdd.
1341 4365 1587 4429 praeter
1615 4356 1677 4428 0,
1700 4360 1758 4412 in
1784 4374 1894 4429 quo
1927 4362 2011 4412 est
2033 4355 2284 4429 cephalea
2309 4371 2446 4429 quae
2469 4372 2646 4412 carne.
