3267 5075
1060 404 1160 457 EX
1196 404 1431 458 LIBRIS
1469 403 1829 458 INCERTIS.
2459 403 2582 466 139

283 567 323 628 l.
371 566 445 628 II
493 567 727 631 obscae
773 564 807 600 ²¹⁸
835 564 869 599 ’¹‘
897 564 931 599 ’¹‘
977 566 1250 649 medica3
1299 567 1410 630 sed
1455 567 1730 631 videnda
1775 591 1937 652 quae
1983 567 2274 632 dicentur
2309 568 2378 630 in
2415 590 2584 631 com-

287 683 630 747 mentatio,

1203 771 1416 835 XXIX
1463 774 1602 862 [95]
1633 797 1672 836 a

335 886 425 952 55
474 889 586 972 qui
633 888 958 952 schedium
1005 888 1073 952 fa
1114 937 1816 958 υυυυυυυυυυυυ

1217 1001 1398 1066 XXX
1444 1003 1584 1082 [95]
1615 1004 1658 1067 b

471 1118 826 1203 Appuleius
883 1120 960 1183 de
1020 1119 1135 1183 deo
1185 1118 1465 1183 Socratis
1520 1141 1625 1204 pg.
1678 1119 1805 1183 102
1862 1120 1955 1183 ed.
2009 1118 2322 1183 Hildebr.:
2389 1120 2581 1183 etiam

293 1235 362 1298 in
405 1236 555 1318 isto,
601 1238 673 1298 ut
719 1236 811 1299 ait
854 1235 1153 1317 Lucilius,
1199 1234 1455 1299 schedio
1503 1238 1567 1297 et
1612 1234 1782 1319 (add.
1830 1235 1992 1315 edd„
2049 1235 2340 1299 delerunt
2384 1232 2583 1318 docti)

294 1350 625 1416 incondito
663 1352 1055 1435 experimini,
1102 1374 1186 1416 an
1222 1351 1388 1414 idem
1427 1351 1549 1414 sim
1590 1352 1963 1434 repentinus
2002 1352 2111 1435 qui
2147 1345 2584 1434 praeparatus.

1116 1437 1158 1535 .’
1225 1465 1438 1530 XXXI
1484 1468 1579 1547 [6]
1610 1491 1653 1529 a

474 1645 514 1653 ,
538 1636 573 1653 υ
598 1612 693 1652 ᾳ-
717 1634 755 1652 υ
778 1638 813 1654 υ
836 1646 875 1652 ,
927 1581 1242 1648 Corneliu’
1287 1581 1538 1646 Publiu'
1584 1585 1804 1648 noster

479 1697 829 1782 ScipiadaS,
877 1700 1142 1764 dicteria
1187 1700 1344 1784 dumv
1385 1721 1584 1783 usque
1629 1700 1958 1783 intorquet
2001 1700 2070 1763 in
2115 1699 2353 1782 ipsum,

1296 1830 1331 1866 ²1⁵
1421 1830 1455 1866 ’Β
1544 1830 1580 1866 =1=

481 1923 603 1986 otei
651 1922 920 2005 deliciis,
966 1922 1146 2011 Luci,
1195 1922 1501 1986 efficiae
1548 1923 1739 2005 atque
1787 1921 2051 1985 cinaedo
2099 1922 2163 1985 et

478 2037 778 2101 sectatori
826 2038 982 2102 adeo
1029 2039 1165 2120 ipse
1212 2060 1328 2101 suo
1337 2089 1354 2121 ,
1401 2060 1527 2122 quo
1574 2035 1792 2101 rectiu'
1841 2035 2041 2119 dicaS,

354 2152 434 2216 60
475 2153 608 2217 ibat
652 2152 819 2217 forte
864 2153 1142 2218 domum.
1234 2154 1559 2238 sequimur
1604 2153 1792 2216 multi
1840 2155 2031 2237 atque
2079 2152 2462 2237 frequentes,
2560 2137 2569 2145 ¹

1180 2277 1429 2342 XXXII
1474 2279 1614 2359 [63]
1645 2280 1688 2359 β

475 2395 546 2456 ut
587 2392 883 2476 praetori'
929 2394 1159 2458 cohors
1206 2397 1272 2458 et
1315 2392 1568 2458 Nostiu’
1615 2394 1777 2458 dixit
1823 2416 2140 2477 aruspex.-

314 2570 485 2621 culari.
555 2572 887 2622 Lucilius.
1025 2572 1209 2621 XXIX
1266 2574 1466 2623 Festus
1503 2575 1603 2624 334
1643 2569 1986 2638 [schedia]
2029 2587 2201 2636 genus
2237 2572 2443 2637 navigii
2480 2567 2583 2635 [in-

316 2639 529 2703 conditi,
566 2640 813 2689 trabibus
852 2645 1060 2689 tantum
1096 2638 1320 2707 inter]se
1358 2641 1581 2690 conexis
1618 2638 1798 2705 fac[ti,
1836 2656 1940 2704 quo
1979 2641 2324 2690 mercimonia
2358 2636 2580 2703 circum]

318 2705 479 2758 serunt
512 2712 633 2772 post
679 2707 936 2756 amissam
986 2702 1218 2772 [navem.
1292 2709 1476 2759 eodem
1510 2707 1776 2758 vocabulo
1822 2706 2156 2773 Lucili]us
2203 2723 2417 2772 quoque
2460 2722 2582 2772 poe-

318 2779 448 2824 mata
483 2773 630 2839 [vilia
666 2780 722 2826 et
756 2791 948 2825 versus
984 2792 1092 2825 non
1129 2772 1295 2842 sat]is
1333 2776 1558 2841 perfecti
1604 2775 1621 2839 (
1634 2776 1957 2841 perfectis
1994 2775 2095 2839 cd.)
2141 2776 2235 2840 qui
2272 2780 2456 2826 essent
2490 2791 2582 2839 ap·

320 2842 525 2905 pellavit
558 2880 734 2893 .....
774 2859 896 2892 cum
931 2843 1085 2892 dixit.
1132 2870 1189 2879 --
1240 2845 1444 2895 Paulus
1481 2845 1581 2894 335
1627 2843 1901 2894 schedia
1947 2859 2118 2907 genus
2153 2843 2362 2907 navigii
2396 2843 2582 2891 incon-

321 2908 486 2974 ditum,
521 2912 573 2961 id
608 2916 692 2962 est
730 2910 974 2960 trabibus
1011 2916 1225 2961 tantum
1260 2912 1405 2962 inter
1441 2928 1500 2963 se
1535 2913 1688 2961 nexis
1725 2912 1944 2974 factum,
1982 2911 2119 2961 unde
2154 2910 2297 2960 mala
2332 2915 2584 2976 poemata

326 2977 518 3026 schedia
562 2978 929 3044 appellantur.
1104 2979 1287 3028 XXXI
1345 2981 1545 3029 Festus
1580 2982 1683 3029 294
1741 2995 1956 3030 scurrae
1997 2977 2319 3028 vocabulum
2359 2979 2584 3028 Verrius

325 3044 629 3108 ineptissime
677 3052 774 3096 aut
821 3062 887 3095 ex
931 3045 1139 3096 Graeco
1186 3052 1420 3097 tractum
1465 3048 1544 3098 ait
1587 3074 1656 3082 —
1696 3052 1793 3096 aut
1835 3063 1869 3096 a
1912 3047 2185 3112 sequendo
2212 3049 2296 3082 ’--
2342 3046 2482 3111 quod
2528 3052 2584 3094 et

323 3114 559 3164 tenuioris
603 3114 858 3163 fortunae
905 3114 1149 3164 homines
1193 3121 1248 3165 et
1292 3116 1457 3164 ceteri
1503 3115 1737 3179 alioqui,
1785 3116 1879 3180 qui
1920 3116 2144 3164 honoris
2186 3115 2364 3178 gratia
2403 3129 2582 3176 prose-

328 3186 591 3243 querentur
627 3184 951 3247 quempiam,
990 3198 1099 3231 non
1136 3184 1450 3233 antecedere
1487 3183 1580 3232 sed
1616 3184 1772 3247 sequi
1808 3186 1919 3232 sint
1954 3183 2126 3244 soliti,
2168 3183 2298 3246 quia
2331 3181 2588 3231 videlicet

327 3245 453 3297 dicat
495 3250 819 3300 Lucilius,
991 3250 1204 3298 XXXII
1260 3251 1563 3316 Porphyrio
1608 3251 1677 3300 ad
1723 3252 1854 3301 Hor.
1900 3257 2002 3300 sat.
2043 3252 2098 3313 Ι,
2138 3253 2193 3312 7,
2231 3253 2294 3299 23
2353 3248 2582 3297 laudat

328 3314 574 3365 Brutum
608 3317 968 3382 laudatque
1008 3318 1373 3368 cohortem:
1432 3319 1707 3369 cohortem
1755 3319 1979 3369 comites
2013 3319 2147 3367 dicit
2187 3318 2358 3376 Bruti,
2395 3317 2488 3380 qui
2523 3317 2581 3364 in

330 3384 531 3433 consilio
565 3387 677 3436 eius
711 3394 882 3436 erant.
936 3386 1017 3434 sic
1051 3390 1104 3434 et
1140 3387 1449 3437 Lucilius
1486 3387 1580 3437 ait.
1616 3414 1684 3421 -
1719 3387 1786 3436 ad
1821 3386 1965 3435 hunc
1991 3386 2105 3435 sive
2128 3384 2196 3433 ad
2221 3383 2447 3434 similem
2472 3384 2581 3434 Lu-

329 3449 429 3498 cilii
458 3451 625 3503 locum
658 3454 753 3503 vix
796 3453 983 3503 dubito
1030 3455 1158 3518 quin
1204 3455 1478 3519 pertineat
1523 3454 1683 3504 Pauli
1726 3454 1861 3505 illud
1897 3457 2021 3504 223:
2071 3453 2342 3517 praetoria
2385 3451 2581 3502 cohors

331 3524 402 3567 est
430 3517 563 3570 dicta
598 3522 738 3586 quod
776 3538 809 3571 a
845 3527 1090 3585 praetore
1126 3538 1233 3570 non
1269 3521 1593 3574 discedebat.
1656 3521 1840 3586 Scipio
1879 3522 2022 3571 enim
2046 3520 2340 3570 Africanus
2375 3519 2580 3584 primus

333 3584 653 3639 fortissimum
691 3604 952 3654 quemque
986 3588 1208 3652 delegit,
1247 3590 1339 3654 qui
1373 3591 1442 3639 ab
1478 3605 1540 3639 eo
1577 3591 1633 3639 in
1670 3590 1809 3640 bello
1847 3606 1958 3639 non
1991 3587 2352 3649 discederent,
2400 3594 2458 3638 et
2493 3603 2577 3636 ce·

332 3655 426 3702 tero
459 3672 667 3706 munere
700 3657 926 3706 militiae
959 3661 1219 3707 vacarent
1255 3662 1311 3708 et
1347 3658 1658 3723 sesquiplex
1695 3658 2023 3723 stipendium
2065 3656 2388 3722 acciperent.

475 3816 550 3873 55
590 3821 733 3875 illud
774 3818 827 3872 fa
860 3821 1143 3874 commode
1166 3821 1383 3889 polerit
1411 3822 1678 3891 suppleri
1719 3819 2023 3875 scribendo
2054 3819 2182 3874 facit
2227 3822 2314 3876 vel
2357 3819 2579 3874 faciunt.

476 3901 549 3959 56
593 3898 839 3979 Publius]
886 3902 946 3959 P.
995 3905 1082 3959 cd.
1302 3902 1379 3959 57
1427 3903 1649 3958 dicteria
1693 3903 1820 3957 dum
1876 3919 2050 3976 usque
2094 3903 2160 3959 M
2216 3897 2363 3978 (dum
2408 3920 2581 3976 usque

332 3985 428 4040 iam
464 3986 867 4045 Lachmannus
911 4006 1108 4045 comm.
1154 3989 1294 4045 Luc.
1342 3987 1506 4059 206).
1552 4017 1634 4026 —
1678 3990 1951 4044 lacunam
1996 3992 2340 4062 siqnificavit
2383 3989 2465 4044 M.

335 4065 399 4124 58
440 4072 542 4126 otei
582 4073 664 4144 M,
711 4072 789 4129 oti
834 4082 890 4128 et
936 4076 1060 4131 cod.
1105 4104 1187 4112 —
1233 4072 1438 4128 deliciis
1489 4073 1745 4138 Vrsinus,
1794 4073 1979 4129 delicis
2013 4076 2097 4130 cd.
2143 4104 2227 4113 -
2268 4072 2418 4142 Luci,
2464 4070 2580 4126 effi-

334 4153 425 4208 ciae
463 4156 527 4211 M
564 4153 731 4232 (Luci,
776 4156 990 4232 effigiae
1036 4153 1176 4232 Sa),
1223 4157 1328 4214 luci
1374 4157 1582 4213 effictae
1627 4176 1678 4214 v.
1839 4156 1918 4214 59
1963 4159 2079 4231 ipse
2124 4160 2297 4228 docti,
2342 4157 2443 4229 ipsi
2488 4158 2576 4212 cd.

480 4241 549 4297 61
593 4244 857 4315 praetoris
901 4261 976 4315 v.‚
1021 4252 1300 4316 praetores
1346 4243 1501 4298 Mon.
1554 4274 1627 4282 —
1677 4252 1731 4298 et
1775 4236 1940 4312 idem,
1986 4250 2047 4297 ut
2089 4244 2194 4298 rel.
2240 4270 2323 4280 —-
2367 4242 2579 4295 nostius

336 4319 499 4395 Mam,
538 4328 629 4385 lib.
675 4335 780 4387 vet.
825 4328 1117 4401 Danieli3‚
1174 4329 1350 4384 noscit
1399 4327 1572 4399 Pan,
1627 4329 1802 4386 nostis
1857 4329 2072 4401 Bern.‚
2129 4327 2330 4384 nostris
2391 4344 2441 4386 v.
2494 4358 2573 4369 --

337 4421 571 4483 auruspex
610 4412 764 4468 Mon.
