3267 5075
1079 379 1533 435 TESTIMONIA
1571 381 1671 434 DE
1707 380 2015 437 LUOELIO.
2558 381 2688 444 299

395 547 913 621 interpolationibus
968 565 1126 604 nemo
1184 547 1481 603 mirabitur.
1570 554 1811 604 ceterum
1858 548 2146 624 Steupius‚
2201 550 2288 605 cui
2341 556 2527 605 nostra
2574 550 2689 605 sere

383 631 579 693 ,solent
622 631 938 706 improbari,
983 631 1259 688 audiamus
1306 631 1436 706 qnid
1481 634 1549 687 de
1579 632 1633 687 h.
1682 632 1805 688 loco
1850 633 2139 707 protulerit
2184 633 2348 690 libelli
2393 633 2460 689 de
2501 633 2689 689 Probis

397 718 764 791 grammaticis
820 734 912 790 pg.
973 718 1072 775 60.
1174 733 1367 791 nempe
1421 715 1671 772 dubitare
1728 735 1788 773 se
1843 717 2004 789 dicit,
2063 735 2131 775 an
2179 718 2339 773 suerit
2395 719 2694 792 antiquitus

396 802 661 882 scriptum
694 802 872 858 Ennii
912 819 986 858 ac
1031 810 1381 860 vetustorum
1427 802 1540 856 sive
1587 808 1647 856 ut
1692 802 1807 875 ipse
1850 804 2008 876 ponit
2053 804 2462 873 venenatorum,
2508 810 2689 858 extur-

397 885 524 941 bato
556 885 789 956 Lucili0‚
828 888 982 943 cuius
1014 903 1209 943 nomen
1251 886 1551 942 sexcentivs
1593 887 1647 940 in
1680 885 1829 942 Lucii
1872 887 2223 960 depravatum
2253 904 2440 943 omncs
2477 894 2692 961 praeter

397 972 574 1045 ipsum
620 979 972 1044 agnoverant.
1060 978 1145 1027 est
1186 969 1436 1044 proiecto
1481 969 1569 1026 hic
1614 972 1693 1026 vir
1736 987 1836 1028 nec
1890 971 2167 1028 doctrinae
2213 988 2389 1045 neque
2433 972 2690 1027 acuminis

399 1072 595 1128 expers
639 1052 735 1110 sed
780 1071 939 1129 quem
970 1063 1222 1130 appareat
1251 1055 1487 1111 nondum
1533 1056 1663 1110 satis
1709 1072 1872 1112 nosse
1917 1073 2025 1129 quo
2070 1057 2141 1112 sit
2185 1055 2347 1112 modo
2392 1073 2477 1110 ars
2508 1057 2691 1112 critica

337 1144 344 1151 '
401 1139 707 1195 [actitanda.
753 1171 830 1179 —
876 1141 1096 1198 Lucilio
1108 1164 1127 1202 ‚·
1169 1138 1357 1195 Lucilii
1388 1155 1582 1194 nomen
1613 1157 1715 1213 pro
1750 1140 1981 1196 Lucretii
2011 1142 2141 1196 satis
2187 1139 2534 1214 probabiliter
2563 1139 2690 1195 sub-

399 1224 579 1280 stituit
608 1223 1018 1298 Bernhardyus3
1063 1224 1315 1280 dissentit
1344 1222 1603 1297 Steupius
1636 1242 1729 1298 pg.
1756 1225 1859 1296 82,
1889 1241 1918 1279 a
1950 1243 2059 1298 quo
2091 1226 2171 1282 58
2204 1225 2462 1280 docemur
2492 1223 2693 1280 Lucre-

401 1310 532 1364 tium
579 1325 689 1364 non
722 1311 955 1366 vetustis
998 1309 1091 1365 sed
1125 1309 1276 1365 novis
1318 1307 1680 1364 Romanorum
1724 1311 1899 1382 poetis
1944 1317 2036 1365 aut
2076 1318 2224 1366 certe
2255 1310 2473 1382 utrique
2504 1309 2691 1382 generi

400 1409 564 1466 posse
607 1391 818 1449 ascribi.
853 1390 854 1395 ’
893 1394 1155 1450 Lucilium
1191 1392 1338 1466 quod
1372 1392 1561 1448 ultimo
1607 1394 1792 1467 potius
1837 1410 1994 1467 quam
2040 1395 2216 1468 primo
2247 1394 2370 1450 loco
2402 1394 2694 1450 nominavit

400 1486 590 1534 auctor
636 1477 885 1534 anecdoti
926 1480 1142 1535 iniecta*
1165 1479 1342 1534 evenit
1384 1476 1556 1533 Flacci
1606 1480 1879 1534 memoria.
