3267 5075
511 355 638 419 318
719 322 724 325 -
835 354 1003 409 Accl
1036 354 1133 409 ET
1173 353 1335 408 SUEI
1371 353 1754 409 LIBRORUM
1791 353 1984 419 QUAE
2026 352 2472 409 SUPERSUNT.

510 540 609 597 per
652 529 914 578 semestre
959 520 1241 577 hibernum
1289 537 1333 575 a.
1387 520 1546 578 1849
1605 523 1660 576 in
1706 520 1969 578 academia
2014 520 2351 576 Berolinensi
2408 518 2802 576 habendarum.

510 607 654 663 unde
699 607 838 662 idem
882 604 1001 661 libri
1050 605 1221 661 Gellio
1268 613 1324 661 et
1351 604 1624 662 Prisciano
1670 604 1852 680 (quem
1883 604 2073 661 eodem
2118 621 2228 679 quo
2257 604 2410 660 illum
2441 604 2592 661 fonte
2639 621 2804 660 usum

508 699 660 748 recte
703 691 893 747 statuit
922 680 1310 762 Lachmannus)
1354 690 1581 764 singulis
1627 689 1763 747 locis
1807 689 2107 746 afferuntur
2146 689 2512 747 sotadicorum
2556 690 2806 762 nomine,

512 775 671 832 titulo
715 782 779 830 ut
820 772 944 830 alibi
989 790 1151 847 saepe
1196 773 1395 830 factum
1442 768 1607 830 ducto
1652 792 1719 831 ex
1762 782 1957 831 metro.

679 878 926 933 similiter
969 876 1054 932 vel
1097 884 1327 932 exeunte
1371 891 1512 932 saec.
1572 894 1627 950 p.
1675 875 1800 932 Chr.
1847 876 1912 931 lll
1967 876 2320 933 Terentianus
2376 885 2583 949 partem
2630 875 2809 932 libelli

512 963 843 1037 grammatici
900 960 1155 1017 sotadicis
1208 962 1531 1034 conscripsit
1575 959 1837 1017 versibus.
1896 991 1981 1001 —
2039 969 2093 1017 et
2148 962 2276 1016 satis
2330 967 2581 1047 acceptos
2626 959 2809 1017 fuisse

511 1050 613 1103 hos
657 1046 908 1103 Romanis
952 1043 1199 1118 probavit
1241 1043 1630 1101 LacltmannuS.
1710 1046 1840 1119 quin
1885 1045 2025 1101 idem
2070 1052 2299 1101 metrum
2345 1060 2501 1101 versu
2544 1044 2809 1119 populari

512 1134 604 1205 qui
647 1137 792 1188 extat
836 1147 922 1203 ap.
969 1128 1113 1185 Fest.
1162 1127 1284 1186 285
1331 1127 1512 1185 haberi
1554 1129 1928 1186 animadvertit
1971 1131 2252 1203 Augustus
2296 1128 2615 1186 MeinekiuS.

682 1249 781 1288 nos
826 1231 983 1306 plane
1029 1229 1274 1286 obsecuti
1318 1230 1638 1287 Lachmanni
1683 1232 1926 1303 invento,
1970 1231 2038 1288 de
2069 1248 2177 1305 quo
2224 1233 2315 1305 qui
2360 1230 2594 1287 dubitari
2623 1231 2813 1304 possit.

512 1336 623 1375 non
668 1317 843 1389 video,
889 1325 1065 1371 tamen
1109 1331 1365 1371 numeros
1408 1315 1591 1389 paullo
1636 1315 1859 1372 liberius
1900 1316 1996 1371 illo
2042 1315 2342 1372 habuimuS.
2427 1332 2550 1371 nam
2596 1315 2811 1372 formas

511 1403 674 1459 ionici
719 1418 747 1457 a
792 1400 977 1456 maiori
1024 1415 1162 1474 quae
1206 1401 1517 1473 optinerent
1558 1400 1700 1474 apud
1741 1399 1972 1457 Ennium
2011 1402 2230 1457 Accium
2271 1410 2325 1457 et
2370 1415 2436 1456 ex
2473 1408 2631 1474 parte
2674 1400 2814 1456 Var-

510 1502 699 1543 ronem
742 1486 1027 1541 statuimus
1071 1486 1256 1542 hasce.

1321 1602 1404 1630 υυ
1426 1603 1509 1631 υυ

1328 1630 1624 1650 -ι-υυ

1321 1695 1627 1742 Qsffl..

1320 1882 1632 1933 *Aust-³3„

1324 1975 1407 2004 υυ
1488 1975 1570 2004 υυ

1330 2002 1661 2022 -υ--

684 2112 861 2169 neque
904 2096 1046 2151 enim
1092 2094 1200 2150 ulla
1244 2103 1330 2150 est
1373 2111 1532 2151 causa
1575 2111 1674 2151 cur
1719 2108 1980 2168 negemus
2025 2094 2170 2149 arsin
2214 2093 2511 2167 quamlibet
2552 2096 2816 2168 potuisse

515 2182 671 2239 solvi.
759 2179 813 2236 id
859 2182 1019 2236 etiam
1064 2178 1156 2239 ad
1173 2178 1412 2235 ultimam
1456 2181 1724 2252 pertinet;
1778 2183 1921 2234 sicut
1966 2187 2022 2233 et
2064 2179 2238 2234 visum
2281 2178 2631 2234 Fleckeiseno
2681 2173 2815 2255 [Ca-

514 2277 631 2323 ton.
677 2281 830 2340 poeS.
879 2264 975 2320 rel.
1024 2281 1116 2341 pg.
1155 2257 1284 2338 13].
1375 2279 1494 2318 nam
1539 2262 1721 2319 eadem
1770 2262 1925 2335 plane
1967 2264 2022 2318 in
2065 2260 2301 2318 iambicis
2348 2262 2633 2318 trochaicis
2679 2280 2814 2319 ana-

513 2351 760 2425 paesticis
805 2350 1043 2405 numeris
1088 2347 1228 2421 apud
1271 2364 1548 2404 scaenicos
1586 2354 1834 2403 vetustos
1863 2346 2225 2403 Romanorum
2266 2347 2497 2403 licentia.
2540 2377 2629 2388 —
2673 2348 2815 2403 cbo-

514 2434 704 2491 riamhi
759 2441 937 2489 tamen
1001 2433 1113 2487 sive
1169 2432 1331 2489 ionici
1397 2433 1618 2488 minoris
1674 2448 1773 2505 pro
1831 2432 2031 2487 maiore
2097 2432 2261 2505 positi
2327 2431 2633 2505 exemplum
2693 2448 2812 2489 uon

514 2520 726 2590 inveni3
771 2534 871 2575 nec
914 2516 1068 2574 facile
1092 2515 1345 2592 ,adducar
1388 2525 1449 2573 ut
1491 2515 1717 2573 inferam
1760 2515 1929 2573 ultro.

686 2621 1091 2696 pragmaticon,
1138 2635 1273 2693 quae
1320 2618 1601 2674 trochaicis
1648 2618 1887 2675 versibus
1933 2620 2252 2693 septenariis
2297 2619 2448 2675 fuere
2493 2622 2813 2694 conposita,

518 2715 777 2781 quattuor
806 2713 991 2762 extant
1020 2703 1340 2778 fragmenta,
1385 2720 1494 2759 non
1524 2704 1773 2777 amplius·
1847 2720 1912 2759 ex
1943 2701 2137 2777 quibus
2168 2703 2462 2760 secundum
2493 2712 2551 2761 et
2583 2707 2812 2762 tertium

518 2809 639 2848 cum
684 2798 878 2864 quarto
922 2796 1108 2863 aperte
1151 2789 1311 2844 etiam
1354 2797 1599 2862 spectant
1642 2804 1730 2845 res
1773 2790 2073 2857 scaenicas;
2119 2788 2349 2862 primum
2394 2805 2504 2862 quo
2536 2790 2816 2863 pertineat

518 2893 628 2932 non
667 2882 903 2931 constat.
974 2871 1237 2929 librorum
1267 2888 1522 2928 numerus
1553 2873 1824 2942 incertus3
1869 2871 2052 2945 plures
2095 2887 2205 2929 uno
2236 2872 2403 2929 fuisse
2434 2889 2500 2929 eo
2540 2872 2818 2948 probatur

520 2960 663 3034 quod
708 2960 940 3032 primum
978 2959 1113 3036 citat
1155 2956 1378 3013 Nonius.

686 3068 964 3135 praeterea
1005 3058 1198 3136 placita
1243 3059 1386 3115 Accii
1429 3075 1568 3133 quae
1610 3057 1899 3115 verborum
1943 3065 2144 3115 rectam
2188 3061 2511 3134 scripturam
2557 3069 2818 3134 spectant

518 3147 750 3221 collegi,
807 3145 977 3219 magis
1033 3142 1248 3218 nequid.
1288 3142 1471 3199 desset
1525 3151 1580 3199 et
1633 3144 1758 3217 quia
1814 3160 2001 3200 eorum
2058 3143 2316 3218 quaedam
2370 3160 2401 3200 a
2442 3143 2650 3201 Lucilio
2706 3147 2815 3202 im-

517 3232 749 3307 pugnari
791 3228 1032 3286 ostendit
1073 3244 1315 3284 summus
1357 3227 1451 3284 ille
1491 3226 1794 3284 litterarum
1838 3228 2145 3284 Latinarum
2187 3227 2408 3300 arbiter,
2453 3245 2613 3303 quam
2655 3230 2816 3303 quod

518 3315 875 3373 demonstrari
917 3322 1106 3387 posset
1150 3312 1383 3386 propriis
1426 3311 1515 3368 illa
1545 3311 1697 3368 libris
1729 3319 1955 3368 tractata
1986 3328 2109 3369 esse
2152 3311 2218 3368 ab
2246 3313 2429 3374 Accio.
2474 3343 2560 3354 —
2604 3316 2815 3370 etenim

520 3408 795 3475 quotquot
837 3406 1021 3455 extant
1064 3404 1348 3454 auctorum
1391 3403 1634 3453 veterum
1679 3397 1984 3453 testimonia
2028 3396 2095 3452 de
2136 3395 2194 3451 L.
2227 3396 2386 3453 Accio
2430 3399 2815 3472 grammatico,

521 3485 586 3541 ad
631 3484 968 3559 autographa
1011 3483 1338 3555 scriptorum
1381 3482 1496 3538 eius
1527 3488 1582 3537 et
1612 3480 1830 3554 quidem
1861 3482 2199 3555 potissimum
2232 3481 2630 3555 tragoediarum
2664 3479 2816 3557 (nam

521 3571 725 3644 reliqua
771 3567 943 3624 multo
987 3567 1163 3623 minus
1207 3565 1589 3641 percrebuere)
1639 3565 1890 3622 videntur
1932 3574 2196 3638 spectare.
2283 3565 2336 3621 id
2382 3564 2538 3623 facile
2583 3583 2821 3641 appare-

521 3654 601 3710 bit
643 3653 692 3709 ei
737 3654 829 3726 qui
873 3651 1025 3708 locos
1070 3659 1351 3708 auctorum
1406 3649 1603 3725 quibus
1657 3657 2024 3707 memorantur
2077 3650 2268 3723 placita
2323 3651 2459 3707 Acci
2491 3651 2823 3725 expenderit

522 3738 819 3806 curiosius3
876 3751 977 3793 nec
1018 3737 1195 3792 minus
1252 3735 1452 3791 docent
1494 3734 1643 3791 Marii
1686 3734 1946 3791 Victorini
1989 3733 2151 3791 verba
2191 3735 2325 3791 haec
2365 3752 2460 3810 pg.
2508 3734 2578 3792 9:
2634 3734 2823 3792 claro·

521 3840 643 3879 rum
687 3822 924 3878 virorum
968 3837 1107 3894 quos
1151 3836 1314 3893 supra
1357 3819 1625 3876 nominavi
1655 3817 1966 3891 (scribendi)
2008 3818 2456 3876 consuetudinem
2502 3817 2670 3890 (inter
2714 3836 2823 3878 eos

523 3909 680 3964 etiam
724 3906 830 3962 suit
873 3899 1084 3979 Accius)
1129 3905 1185 3960 in
1229 3902 1379 3960 libris
1422 3905 1663 3978 reperire
1704 3920 1997 3977 possumus
2040 3920 2249 3960 eorum.

691 4006 899 4065 accedit
954 4006 1101 4081 quod
1153 4005 1446 4071 severioris
1500 4005 1775 4063 doctrinae
1831 4004 1999 4062 libros
2058 4006 2398 4080 provectiore
2441 4013 2634 4063 aetate-
2662 4023 2826 4066 com·

524 4093 773 4170 posuisse
816 4093 1035 4149 Accium
1078 4090 1354 4166 probabile
1398 4099 1503 4162 est,
1547 4107 1670 4146 cum
1712 4091 1816 4146 iam
1859 4106 2001 4147 anno
2046 4091 2239 4164 aetatis
2278 4091 2398 4146 eius
2439 4088 2624 4147 XXXX
2672 4088 2826 4166 (nam

524 4188 682 4236 natus
739 4187 823 4234 est
878 4194 926 4233 a.
972 4194 1027 4232 u.
1075 4192 1121 4233 c.
1169 4170 1313 4250 582)
1368 4183 1655 4249 praecepta
1710 4175 1825 4230 eius
1882 4176 2154 4231 invenisse
2205 4182 2503 4231 sectatores
2559 4175 2833 4235 docuerit

524 4262 848 4319 Ritschelius
894 4279 988 4335 pg.
1037 4260 1138 4321 28.
1196 4290 1277 4301 -—
1335 4267 1391 4315 et
1433 4276 1565 4316 sane
1607 4259 1823 4316 videtur
1875 4275 2167 4334 permagna
2219 4261 2363 4315 Accii
2417 4265 2615 4333 poetae
2672 4263 2829 4336 apud

527 4346 776 4421 aequales
823 4346 987 4402 fuisse
1032 4345 1167 4401 sama
1212 4352 1267 4402 et
1312 4346 1626 4416 auctoritas,
1672 4344 1847 4401 donec
1891 4360 2005 4400 eam
2051 4345 2327 4417 superavit
2370 4343 2631 4401 Lucilius.

3202 4149 3240 4380 ...alfius
3234 4059 3240 4074 ,.
3226 3975 3240 3986 ,
