3267 5075
1283 391 1500 445 LIBER
1535 391 1732 446 XXVI.
2570 393 2653 457 79

1329 552 1426 619 IV
1475 550 1607 642 [34]
1640 555 1681 620 d

443 666 488 731 5
532 715 1007 740 „„„„„„„„
1066 689 1186 752 ego
1232 668 1347 734 ubi
1378 691 1578 754 quem
1626 690 1703 733 ex
1748 668 2138 753 praecordiis

538 782 750 846 ecfero
796 802 1050 846 versum
1142 833 1739 854 „„„„„„„„„„

1351 896 1413 963 V
1462 895 1594 985 [64]
1627 920 1663 962 e

538 1012 771 1077 evadat
816 1012 1045 1078 saltem
1091 1012 1332 1098 aliquid
1378 1014 1619 1099 alique,
1670 1013 1841 1098 quod
1888 1018 2154 1079 conatus
2201 1036 2345 1079 sum
2388 1059 2425 1078 ν
2449 1068 2491 1080 ..

1327 1127 1423 1193 VI
1471 1125 1605 1215 [59]
1639 1151 1679 1193 a

536 1264 732 1326 porro
779 1244 1034 1309 amicist
1077 1244 1240 1308 bene
1284 1244 1677 1328 praecipere,
1723 1243 1915 1310 Tusci
1961 1246 2123 1310 bene
2169 1246 2550 1330 praedicere.

1313 1358 1439 1425 VII
1489 1356 1621 1445 [23]
1656 1361 1698 1423 b

541 1477 615 1538 ut
660 1494 780 1559 ego
826 1474 1101 1539 efficiam
1148 1474 1319 1560 quod
1362 1478 1428 1538 te
1463 1475 1532 1539 in
1568 1475 1795 1559 primis
1831 1498 2059 1561 cupere
2099 1479 2299 1561 apisci
2335 1478 2659 1563 intellego.

1305 1589 1466 1655 Vm
1516 1587 1651 1676 [50]
1683 1612 1717 1655 c

405 1705 495 1769 10
540 1704 714 1770 hunc
759 1705 1046 1770 laborem
1094 1728 1336 1790 sumas,
1396 1705 1651 1771 laudem
1706 1707 1816 1791 qui
1860 1707 1980 1771 tibi
2027 1728 2100 1771 ac
2149 1706 2428 1773 fructum
2476 1707 2659 1773 ferat.

1329 1819 1424 1886 IX
1473 1817 1608 1908 [49]
1641 1820 1683 1885 d

540 1935 695 2018 quid
743 1935 1094 2000 cavendum
1139 1937 1259 2001 tibi
1306 1958 1621 2021 censereS,
1670 1935 1823 2021 quid
1868 1936 2204 2001 vitandum
2250 1938 2591 2002 maxume?

1348 2051 1409 2115 X
1459 2049 1593 2139 [29]
1625 2074 1661 2116 e
2253 2044 2274 2059 ‘

542 2189 894 2251 numquam
932 2167 1092 2251 priu'
1122 2190 1324 2260 „quam
1361 2190 1558 2233 venas
1593 2168 1877 2232 hominis
1913 2168 2130 2252 tetigit
2158 2189 2231 2232 ac
2268 2170 2656 2253 praecordia.

1341 2282 1434 2346 XI
1484 2279 1618 2369 [36]
1651 2283 1684 2345 f

542 2397 638 2461 ita
683 2398 779 2490 uti
815 2399 1082 2483 quisque
1119 2403 1414 2464 nostrum
1453 2421 1486 2462 e
1522 2399 1785 2483 bulgast
1820 2398 2045 2463 matris
2083 2398 2152 2462 in
2188 2398 2396 2464 lucem
2435 2399 2660 2465 editae.

1210 2512 1337 2579 ΧΠ
1385 2510 1529 2601 [inc.
1560 2509 1687 2599 56]
1730 2510 1818 2599 g*

544 2630 601 2693 si
644 2628 767 2693 tibi
810 2651 1002 2714 porro
1047 2631 1246 2695 istaec
1292 2652 1393 2694 res
1431 2628 1607 2695 cordi
1644 2630 1962 2715 idcircost,
2008 2629 2179 2715 quod
2224 2651 2362 2694 rere
2407 2631 2657 2716 utilum‚

357 2877 437 2928 M.
473 2877 690 2929 Tullius
713 2904 782 2914 -—
806 2878 1120 2930 Lucilius
1142 2878 1241 2929 lib.
1269 2877 1465 2933 XXVI.
1571 2877 1651 2929 IV
1698 2876 1842 2929 Non.
1869 2879 1986 2939 297,
2013 2880 2075 2927 14
2110 2879 2362 2929 efferre
2386 2877 2663 2943 significat

359 2945 620 3011 proferre.
674 2973 721 2981 -
757 2946 1036 3011 Vergilius
1059 2972 1123 2981 --
1151 2946 1462 2997 Lucilius
1486 2945 1582 3000 lib.
1607 2945 1808 2996 XXVI.
1910 2945 1960 2997 V
2002 2945 2142 2996 Non.
2168 2949 2286 3009 293,
2312 2949 2344 2996 2
2381 2947 2662 2998 evadere

360 3015 511 3064 exire
546 3013 780 3064 tendere.
852 3015 1141 3065 Terentius
1178 3041 1240 3050 -
1276 3014 1590 3065 Lucilius
1615 3012 1711 3066 lib.
1737 3012 1919 3063 XXVI
1960 3011 2191 3076 (XXVII
2214 3016 2276 3076 B,
2302 3014 2479 3078 Gen.).
2584 3016 2660 3066 V1

362 3083 503 3132 Non.
530 3084 650 3144 371,
676 3085 743 3133 33
769 3083 1164 3147 praecipere
1187 3088 1272 3133 est
1295 3082 1476 3132 iubere
1500 3081 1586 3131 vel
1610 3096 1846 3131 monere.
1897 3080 2171 3144 Vergilius
2195 3107 2259 3117 —
2284 3082 2573 3134 Terentius
2600 3110 2664 3119 —

367 3148 681 3199 Lucilius
715 3148 812 3201 lib.
848 3149 1046 3201 XXVI.
1150 3150 1256 3202 VII
1300 3151 1438 3201 Non.
1466 3152 1548 3211 74,
1574 3152 1641 3199 29
1661 3149 1898 3229 apisci
1931 3147 2172 3214 adipisci.
2223 3149 2535 3200 Lucilius
2570 3150 2662 3200 lib.

367 3217 570 3271 XXVI.
674 3217 812 3268 VIII
855 3218 997 3268 Non.
1034 3220 1151 3279 396,
1177 3220 1210 3268 8
1246 3232 1496 3268 sumere
1530 3216 1829 3282 suscipere.
1886 3215 2201 3268 Lucilius
2238 3216 2331 3267 lib.
2355 3216 2556 3268 XXVI.

363 3285 445 3335 IX
493 3285 635 3335 Non.
660 3287 781 3349 437,
807 3286 873 3334 22
896 3284 1042 3336 inter
1075 3300 1308 3335 cavere
1332 3289 1390 3336 et
1414 3285 1636 3335 vitare
1659 3282 1971 3334 Lucilius
2007 3299 2122 3334 esse
2147 3285 2463 3335 distantiam
2486 3284 2665 3335 voluit

366 3352 463 3403 lib.
499 3351 685 3402 XXVI
709 3356 767 3403 et
790 3367 909 3404 esse
934 3352 1058 3443 plus
1085 3352 1274 3403 vitare.
1368 3354 1417 3402 X
1463 3352 1603 3404 Non.
1633 3348 1752 3415 408,
1779 3353 1845 3401 24
1881 3357 2158 3415 tangere
2196 3352 2477 3416 inspicere.
2533 3352 2664 3403 Lu-

368 3420 580 3471 cilius
605 3419 700 3470 lib.
730 3419 924 3471 XXVI
999 3419 1109 3470 ·XI
1154 3422 1290 3474 Non.
1320 3422 1403 3482 78,
1431 3423 1462 3471 3
1486 3436 1530 3471 s.
1561 3437 1608 3474 v.
1646 3418 1852 3483 bulga
1875 3445 1944 3456 —
1966 3419 2215 3469 Lucilius
2239 3423 2545 3482 satyrarum
2568 3418 2665 3469 lib.

368 3489 448 3540 VI
476 3514 540 3522 -
566 3486 745 3538 Varro
775 3513 829 3523 —
860 3487 1173 3539 Lucilius
1201 3487 1291 3537 lib.
1320 3457 1519 3539 XXVI.
1623 3486 1731 3537 XII
1791 3487 1929 3537 Non.
1966 3488 2049 3545 88,
2086 3489 2150 3536 31
2190 3502 2234 3540 s.
2258 3504 2308 3537 v.
2346 3486 2527 3536 cordi
2563 3492 2665 3538 est

373 3582 435 3592 —
472 3554 793 3606 Lucilius
827 3554 922 3606 lib.
959 3554 1141 3605 XXVI
1177 3583 1241 3592 —
1276 3555 1576 3621 idemque
1629 3555 1702 3617 (h.
1739 3572 1791 3608 v.
1829 3554 1965 3604 satis
2006 3553 2359 3618 probabiliter
2392 3553 2596 3604 Lucilii
2627 3554 2662 3604 l.

367 3622 573 3687 XXVI,
600 3623 756 3673 cuius
781 3623 885 3674 tria
910 3624 1231 3674 continuata
1255 3628 1667 3689 praecesserant
1689 3620 1951 3687 exempla,
1974 3621 2259 3672 adscribas
2282 3626 2337 3672 et
2358 3622 2578 3688 ipsum).

452 3879 457 3885 ·
542 3857 581 3914 5
628 3872 766 3930 ergo
814 3856 885 3912 Β.
1018 3855 1055 3914 6
1099 3857 1243 3913 idem
1290 3855 1475 3913 effero.
1611 3856 1647 3911 7
1694 3852 1870 3910 evadit
1900 3852 1974 3909 B.
2025 3883 2103 3893 —
2150 3852 2332 3927 aliquo
2362 3853 2446 3927 M,
2490 3854 2666 3928 aliqua

370 3942 500 3997 cdd.
634 3940 672 3998 8
718 3941 880 3997 ειῐιιίοἰ
927 3940 1000 3996 Β.
1048 3970 1132 3983 ·--
1177 3941 1337 3997 Tusci
1381 3939 1494 4012 Me,
1545 3940 1688 3995 tueri
1720 3958 1772 3996 v.
1821 3967 1903 3978 —
1946 3937 2257 4012 praedicere
2301 3941 2467 4011 idem,
2511 3955 2665 4012 prae-

370 4025 551 4082 dicare
597 4026 723 4082 cdd.
857 4024 892 4082 9
939 4022 1166 4082 efficiam
1196 4025 1450 4096 Lipsiu3‚
1495 4024 1737 4080 effuciam
1784 4023 1830 4079 L
1864 4022 1895 4077 1
1934 4041 2008 4079 m.
2047 4023 2103 4094 1,
2149 4022 2383 4079 effutiam
2429 4025 2573 4079 idem
2605 4021 2667 4095 2,

370 4109 626 4184 effugiam
674 4110 739 4166 G.
782 4139 867 4151 —
912 4108 1056 4183 quod
1105 4126 1210 4184 ego
1258 4110 1324 4182 G,
1369 4127 1482 4166 non
1527 4109 1573 4165 L
1621 4107 1930 4163 1.11
1987 4123 2237 4163 censeres
2284 4107 2398 4177 Me,
2443 4122 2666 4164 censere

370 4229 499 4285 cdd.
557 4229 663 4299 (in
685 4228 733 4285 G
788 4234 874 4284 est
926 4198 1116 4283 censer
1118 4197 1196 4301 ε’);
1240 4225 1511 4283 vitandum
1559 4224 1652 4281 tibi
1699 4226 1922 4281 maxime
1966 4222 2013 4281 Z
2058 4224 2115 4280 2.
2271 4222 2347 4280 12
2392 4240 2665 4296 nunquam

371 4315 460 4369 ed.
512 4312 847 4371 Tur-icensis
890 4312 1117 4385 Luctlii,
1161 4327 1391 4386 nequam
1438 4311 1565 4367 cdd.
1714 4309 1791 4366 13
1838 4311 1916 4365 uti
1961 4309 2044 4381 M,
2088 4315 2149 4364 ut
2194 4328 2245 4366 v.
2393 4307 2469 4364 14
2516 4308 2668 4365 cordi

371 4396 634 4454 idcir-eost
678 4397 762 4470 Μ,
806 4396 1008 4453 idcirco
1054 4404 1138 4452 est
1182 4395 1331 4452 cordi
1377 4396 1504 4451 cdd.
1556 4425 1630 4434 —
1681 4409 1740 4449 re
1781 4396 1946 4466 idem,
1996 4410 2152 4450 corr.
2200 4391 2332 4450 Iun.
