3267 5075
652 336 778 403 132
1149 335 1370 394 LIBER
1402 336 1573 393 xxx.
1646 334 1746 392 Ex
1783 338 2019 394 LIBffls
2057 336 2415 395 INCERTIS.

1658 502 1742 567 CI
1790 500 1923 589 [39]

827 616 1040 683 Calvo'
1086 617 1430 682 Palantina
1475 619 1762 702 quidam,
1807 620 1906 682 vir
1950 641 2081 683 non
2128 617 2320 682 bonu'
2367 619 2556 683 bello.

1641 732 1759 798 CII
1807 731 1943 820 [74]

827 850 917 914 sei
965 849 1356 912 nutricatum
1404 849 1526 912 sibi
1572 870 1745 913 nunc
1791 852 1984 932 caput
2029 850 2337 932 opprimit
2380 849 2538 932 ipse.

1623 963 1774 1029 CIII
1823 961 1956 1051 [78]

655 1081 781 1144 130
824 1081 1028 1144 nolito
1074 1081 1195 1143 tibi
1240 1101 1342 1142 me
1387 1078 1762 1143 maledicere
1808 1102 1996 1164 posse
2042 1083 2288 1163 putare.

1627 1172 1774 1260 oiv
1825 1192 1958 1281 [88]

827 1312 968 1396 quis
1015 1315 1224 1375 totum
1274 1311 1398 1375 scis
1445 1332 1675 1393 corpus
1723 1311 1853 1375 iam
1898 1311 2218 1393 perolesse
2265 1311 2548 1374 bisulcis,

1642 1424 1756 1490 CV
1806 1423 1942 1512 [90]

827 1564 1313 1627 nonnumquam
1360 1542 1540 1606 dabit
1586 1542 1728 1625 ipsa
1773 1545 1976 1625 aetas,
2023 1540 2193 1626 quod
2237 1541 2445 1623 prosit
2487 1539 2795 1604 habendo,

1287 1742 1414 1813 EX
1469 1740 1779 1812 LIBRIS
1836 1738 2296 1812 INCERTIS.

1670 1895 1701 1958 I
1751 1898 1844 1976 [l]
1877 1919 1912 1959 a

829 2013 1059 2095 virtuS,
1105 2011 1402 2092 Albeine,
1449 2015 1547 2074 est
1592 2011 1867 2093 pretium
1915 2011 2273 2093 persolvere
2319 2031 2541 2074 verum

829 2128 1007 2211 queis
1054 2127 1124 2190 in
1169 2130 1524 2208 verSamur,
1572 2127 1752 2210 queis
1800 2124 2053 2189 vivimu'
2098 2124 2273 2190 rebu'
2320 2130 2602 2209 potesse:

827 2242 1030 2306 virtus
1078 2245 1201 2325 est,
1245 2241 1492 2306 homini
1541 2241 1725 2305 scirei
1772 2263 1898 2325 quo
1945 2263 2231 2324 quaeque
2280 2241 2470 2306 abeat
2512 2264 2634 2307 res.

826 2357 1055 2441 virtue,
1101 2357 1312 2440 scirei,
1355 2356 1603 2422 homini
1647 2359 1918 2439 rectum,
1963 2356 2144 2437 utile,
2192 2356 2344 2439 quid
2394 2357 2480 2421 sit
2522 2356 2886 2442 honestum3

787 2553 858 2604 01
915 2554 1054 2604 Non.
1099 2556 1225 2615 462,
1261 2538 1591 2603 27”“1)οηιι5
1633 2558 1690 2601 et
1736 2551 1893 2600 fortis
1937 2557 1990 2601 et
2035 2552 2158 2616 pius
2202 2551 2311 2601 dici
2354 2558 2558 2617 potest.
2632 2554 2928 2606 Lucilius

651 2621 746 2672 lib.
786 2621 955 2673 XXX.
1128 2622 1227 2670 cn
1287 2621 1423 2670 Non.
1460 2622 1578 2681 478,
1620 2622 1682 2670 17
1736 2620 1977 2669 nutritur
2015 2625 2071 2669 et
2114 2622 2500 2670 nutricatur
2538 2638 2637 2685 pro
2676 2624 2847 2673 nutrit
2879 2628 2929 2671 et

651 2691 910 2741 nutritur.
981 2691 1153 2739 Varro
1188 2716 1254 2723 ——
1290 2689 1361 2737 M.
1396 2687 1610 2738 Tullius
1649 2714 1714 2722 —-
1750 2687 2009 2738 Afranius
2048 2713 2111 2722 —
2148 2686 2458 2737 Lucilius
2493 2688 2588 2739 lib.
2629 2689 2803 2741 XXX.

651 2759 776 2808 0111
824 2758 963 2808 Non.
989 2760 1103 2817 505,
1130 2761 1196 2806 20
1232 2754 1449 2805 nolito
1487 2771 1581 2819 pro
1607 2754 1738 2819 noli.
1796 2753 2104 2805 Lucilius
2139 2754 2235 2804 lib.
2272 2755 2442 2808 XXX.
2546 2756 2674 2808 clv
2710 2759 2930 2808 Priscia-

651 2842 752 2876 nus
789 2828 888 2876 872
925 2824 1232 2874 Lucilius
1270 2823 1544 2887 (Lucius
1586 2825 1744 2872 Bern.
1786 2839 1853 2875 m.
1896 2826 1949 2883 1,
1985 2821 2278 2872 Licilius
2326 2820 2538 2890 Bamb.)
2586 2825 2646 2874 in
2682 2826 2836 2875 XXX
2872 2852 2929 2862 —

650 2909 749 2958 pro
787 2892 1130 2957 perolevisse.
1235 2890 1329 2941 CV
1383 2890 1762 2954 Philargyrius
1797 2889 1931 2953 (non
1958 2890 2203 2953 Servius)
2241 2890 2310 2939 ad
2344 2906 2529 2955 georg.
2570 2893 2673 2955 111,
2704 2896 2799 2944 159
2832 2894 2929 2945 ha·

651 2961 858 3011 hendo
895 2960 949 3008 id
986 2959 1129 3024 quod
1163 2959 1412 3009 habetur.
1482 2957 1794 3008 Lucilius
1829 2960 1885 3006 in
1920 2959 2197 3009 tricesimo
2234 2957 2339 3020 (ita
2379 2958 2596 3022 Vatic.).

787 3029 813 3078 1
868 3028 1122 3077 Lactant.
1155 3027 1329 3076 instit.
1367 3026 1463 3088 VI,
1498 3029 1548 3089 5,
1586 3030 1617 3074 2
1655 3040 2023 3091 quaecumque
2057 3033 2241 3076 autem
2278 3027 2332 3075 in
2368 3025 2685 3079 definitione
2719 3030 2932 3080 virtutis

654 3095 834 3147 solent
869 3096 1063 3156 dicere,
1100 3094 1291 3158 paucis
1328 3094 1575 3144 versibus
1613 3093 1825 3157 colligit
1860 3099 1914 3141 et
1948 3101 2171 3144 enarrat.
2218 3092 2546 3147 Lucilius.
2623 3111 2765 3160 quos
2802 3099 2932 3147 malo

649 3164 893 3229 equidem
931 3178 1158 3228 ponere,
1209 3177 1277 3212 ne
1313 3161 1436 3210 dum
1482 3159 1769 3210 multorum
1807 3163 2105 3218 sententias
2142 3160 2326 3211 refello
2373 3162 2475 3213 sim
2517 3160 2746 3227 longior
2783 3181 2933 3229 quam

649 3248 866 3282 necesse
900 3238 1000 3282 est.
1039 3258 1101 3266 —
1138 3228 1275 3279 idem
1311 3230 1369 3278 in
1404 3230 1586 3294 capite
1620 3229 1869 3293 proximo
1905 3230 2002 3279 ubi
2035 3229 2319 3280 confutare
2355 3236 2590 3280 conatur
2615 3232 2817 3283 Lucilii
2852 3233 2934 3282 de-

823 3410 941 3466 128
987 3410 1176 3466 Calvus
1220 3411 1368 3467 libri.
1412 3439 1496 3450 —-
1539 3407 1812 3464 palantium
1856 3409 1937 3478 M,
1983 3407 2215 3464 Palatina
2262 3409 2593 3482 Frater-im,
2639 3410 2935 3476 Rallantino

652 3498 778 3553 cdd.
828 3526 907 3536 -—-
952 3512 1061 3552 non
1104 3494 1270 3552 bonu·
1314 3495 1506 3551 Lckm.
1554 3510 1748 3548 comm.
1795 3493 1970 3553 Lucr.
2019 3492 2132 3565 37,
2178 3493 2376 3549 nobilis
2420 3493 2598 3549 bonus
2642 3500 2774 3554 cdd.

656 3632 774 3689 129
821 3634 898 3687 sei
943 3630 1028 3704 M,
1074 3632 1219 3687 sensi
1263 3630 1310 3687 L
1355 3629 1415 3700 2,
1460 3646 1623 3685 sensu
1672 3630 1717 3684 L
1767 3630 1822 3701 1,
1870 3632 1915 3687 G
1965 3629 2042 3704 (in
2087 3630 2249 3685 arch.
2297 3636 2427 3685 erat
2471 3597 2611 3703 sliu).
2662 3663 2747 3675 —-
2794 3636 2939 3691 nitri·

2286 3724 2305 3763 i
2350 3742 2418 3757 η

651 3776 829 3823 catum
863 3768 929 3838 G,
961 3768 1006 3822 L
1040 3768 1097 3838 1,
1129 3767 1456 3822 nutriculum
1485 3768 1534 3822 L
1565 3766 1620 3822 2.
1662 3797 1748 3808 -—
1789 3766 1888 3822 sibi
1920 3783 2063 3828 nunc
2095 3764 2149 3840 (i.
2186 3782 2233 3822 e.
2278 3785 2304 3820 s
2350 3783 2446 3837 nc;
2492 3776 2550 3824 et
2579 3776 2855 3841 sequitur.
2891 3771 2935 3842 c)

652 3854 735 3923 M,
781 3851 899 3907 sine
944 3852 1011 3922 G,
1055 3853 1103 3907 L
1147 3850 1207 3921 2,
1252 3868 1378 3905 sane
1421 3853 1470 3907 L
1518 3852 1569 3906 1.
1750 3850 1864 3906 131
1912 3855 2136 3908 mollius
2176 3851 2398 3908 sonabit
2440 3841 2555 3907 iam'
2585 3871 2812 3929 corpuS.

654 3937 774 3994 132
820 3937 995 4009 prosit
1040 3935 1232 3991 Lchm.
1281 3953 1476 3991 comm.
1522 3937 1698 3997 Lucr.
1746 3935 1891 4008 212,
1935 3937 2108 4009 possit
2153 3955 2202 3992 v.

825 4022 856 4076 1
904 4019 1128 4078 Albeine
1171 4019 1267 4090 M,
1315 4018 1502 4075 Albine
1549 4021 1616 4091 R,
1668 4019 1897 4077 Albanae
1944 4021 2029 4084 B,·
2080 4023 2223 4077 idem
2269 4039 2336 4076 m.
2383 4037 2504 4081 ree.
2553 4022 2769 4081 Albine.

823 4141 828 4146 .
2036 4116 2049 4154 i
2077 4128 2134 4156 m.
2163 4118 2189 4155 2
2368 4116 2378 4154 i
2406 4129 2463 4157 m.
2494 4119 2520 4155 2

652 4175 689 4231 2
736 4177 888 4249 queis
921 4203 1001 4213 ——
1031 4174 1185 4246 queis
1241 4191 1326 4242 v.,
1384 4172 1505 4244 quis
1542 4202 1610 4212 —
1649 4176 1768 4246 quis
1820 4174 1897 4236 R,-
1941 4175 2061 4246 quis
2147 4205 2229 4212 —
2273 4174 2394 4246 quis
2486 4175 2555 4230 B.
2610 4206 2697 4216 —-
2753 4186 2932 4252 potest

650 4278 770 4314 esse
819 4260 885 4315 B.
1019 4259 1056 4313 3
1103 4258 1330 4313 hominis
1369 4256 1432 4310 B.
1479 4286 1557 4295 —
1603 4259 1760 4312 scirei
1807 4277 1915 4332 quo
1962 4259 2042 4330 M,
2087 4259 2224 4313 scire
2267 4259 2318 4313 id
2365 4259 2512 4331 quod
2552 4279 2601 4314 v.
2651 4292 2739 4302 -——
2783 4262 2930 4319 abeat

650 4345 735 4418 M,
782 4343 968 4399 habeat
1009 4344 1162 4399 libri.
1335 4342 1370 4395 4
1418 4341 1576 4397 scir-ei
1623 4343 1700 4412 M,
1749 4345 1886 4397 scire
1932 4346 2149 4413 scripti.
2198 4373 2279 4382 —
2325 4342 2452 4417 quid
2500 4345 2548 4398 ei
2602 4346 2674 4400 sit
2724 4347 2796 4404 B.
