3267 5075
606 334 695 396 44
1536 331 1756 385 LIBER
1789 331 1964 385 VIIII.

1130 541 1137 542 κ
1663 494 1726 559 V
1753 493 1832 559 e*

779 612 919 677 Vel.
955 574 1129 696 long.
1172 611 1374 676 2224:
1421 610 1721 695 antiquos
1769 610 2008 676 scimus
2050 613 2116 673 et
2161 611 2302 676 ‘abs
2338 614 2425 675 te’
2468 612 2735 695 dixisse3
2782 634 2905 677 nos

601 730 889 795 contenti
946 750 1167 792 sumus
1231 725 1296 790 ‘a
1338 729 1427 790 te’
1496 725 1722 790 dicere.
1824 726 2060 790 scimus
2115 727 2290 810 ipsos
2346 730 2411 790 et
2468 728 2573 792 ‘ab
2628 727 2907 792 Lucilio'

522 937 531 944 .
600 846 852 910 dixisse.
943 867 1062 909 nos
1110 844 1524 907 observamus
1570 844 1644 904 ut
1687 844 2121 925 praeponatur
2172 842 2275 905 his
2320 843 2694 907 nominibus
2742 866 2909 927 quae

602 985 641 1026 a
694 961 900 1026 vocali
954 959 1273 1043 incipiunt
1326 996 1410 1004 —
1467 957 1827 1021 absumitur
1882 960 2098 1021 autem
2152 957 2311 1022 haec
2365 958 2408 1022 b
2466 958 2684 1043 litera,
2748 982 2905 1044 quo-

599 1077 769 1141 tiens
814 1075 1081 1139 nomina
1126 1096 1166 1138 a
1210 1072 1595 1138 consonanti
1641 1073 1975 1156 incipiunt.

1601 1187 1697 1252 VI
1743 1189 1838 1268 [3]
1867 1188 1902 1251 f

779 1307 1043 1385 Quintil.
1088 1307 1237 1371 inst.
1284 1328 1373 1370 or.
1418 1305 1478 1389 I,
1528 1305 1563 1368 7
1574 1355 1593 1387 ,
1645 1304 1756 1368 18:
1803 1325 1878 1367 ae
1934 1304 2275 1389 syllabam,
2323 1306 2502 1370 cuius
2549 1307 2903 1371 secundam

599 1447 771 1490 nunc
818 1446 852 1487 e
895 1423 1150 1487 literam
1196 1422 1520 1505 ponimus,
1566 1420 1741 1483 varie
1786 1441 1899 1502 per
1945 1442 1984 1483 a
2028 1423 2093 1483 et
2137 1421 2159 1484 i
2206 1421 2581 1505 efferebant,
2637 1422 2905 1506 quidam

600 1561 875 1623 semper,
922 1542 995 1603 ut
1040 1535 1295 1620 Graeci,
1341 1536 1601 1621 quidam
1649 1535 2063 1619 singulariter
2107 1539 2381 1621 tantum,
2427 1559 2572 1602 cum
2618 1538 2690 1600 in
2737 1538 2903 1602 dati-

598 1678 750 1719 vum
805 1655 905 1719 vel
961 1653 1329 1740 genetivum
1383 1673 1602 1717 casum
1661 1651 2007 1716 incidisset.
2106 1651 2273 1716 unde
2328 1653 2525 1736 pictai
2580 1653 2780 1718 vestis
2840 1657 2907 1719 et

600 1772 790 1857 aquai
834 1769 1185 1855 Vergilius,
1233 1767 1714 1833 amantissimus
1761 1768 2127 1851 vetustatis,
2173 1767 2564 1834 carminibus
2609 1769 2906 1835 inseruit.

597 1888 669 1951 in
715 1887 936 1951 eadem
992 1885 1113 1971 (ita
1158 1887 1328 1948 recte
1373 1882 1647 1968 KeiliuS,
1703 1884 1986 1949 eisdem
2029 1881 2209 1967 libri)
2266 1884 2503 1967 plurali
2546 1906 2820 1950 numero
2869 1909 2906 1951 e

598 2003 965 2086 utebantur,
1009 2000 1077 2066 hi
1125 1998 1355 2086 Syllae,
1401 1998 1664 2066 Galbae.
1742 2003 1842 2066 est
1884 2001 1954 2063 in
1998 1999 2120 2065 hac
2166 2022 2419 2085 quoque
2464 2003 2648 2084 parte
2692 2000 2907 2067 Lucili

599 2120 1029 2203 praeceptum,
1075 2117 1245 2201 quod
1291 2116 1443 2202 quia
1485 2116 1776 2201 pluribus
1823 2116 2176 2202 explicatur
2211 2117 2502 2181 versibus
2541 2116 2741 2201 siquis
2788 2140 2903 2203 pa-

601 2257 747 2300 rum
792 2233 1009 2299 credet
1053 2233 1222 2318 apud
1267 2233 1480 2318 ipsum
1526 2232 1594 2296 in
1630 2254 1806 2297 nono
1850 2233 2151 2318 requirat.

1424 2347 1553 2412 VH
1600 2348 1748 2429 [inc.
1799 2349 1952 2430 104]
1983 2347 2070 2436 g*

771 2463 960 2530 Mart.
1007 2463 1159 2549 Cap.
1204 2466 1246 2529 1.
1290 2463 1405 2549 HI,
1451 2464 1609 2529 266:
1655 2463 1964 2528 historica
2007 2464 2121 2528 illa
2165 2463 2531 2528 coniunctio
2579 2466 2694 2548 est,
2752 2486 2905 2529 cum

601 2603 679 2646 ex
722 2581 952 2645 litteris
1000 2603 1162 2667 quae
1206 2580 1445 2651 interse
1480 2583 1786 2666 poterunt
1830 2580 2115 2664 copulari
2156 2580 2493 2643 diversitas
2539 2580 2720 2644 fandi
2764 2604 2906 2646 non

602 2695 856 2760 easdem
902 2719 1020 2762 nec
1065 2720 1251 2782 pares
1296 2719 1562 2761 numero
1611 2696 1886 2761 sociarit.
1979 2695 2316 2765 scribimus
2371 2717 2493 2759 nos
2540 2696 2715 2761 enim
2758 2696 2904 2762 Mu-

601 2834 819 2877 sarum
864 2814 1139 2897 primam
1186 2814 1500 2896 syllabam
1546 2812 1795 2877 duabus
1840 2811 2092 2894 litteris,
2139 2809 2368 2875 Graeci
2411 2812 2637 2876 tribus
2714 2812 2904 2879 Luci-

601 2927 726 2991 lius
770 2929 841 2992 in
888 2930 1102 2993 dativo
1150 2951 1303 2994 casu
1359 2951 1398 2993 a
1444 2931 1508 2992 et
1560 2928 1585 2991 i
1639 2926 1703 3013 (e
1748 2925 1835 3011 v.)
1889 2926 2224 3011 coniungit
2277 2926 2494 2991 dicens
2549 2928 2699 2992 huic
2755 2927 2904 2993 ‘Te-

599 3044 857 3108 rentiai’
909 3042 1224 3109 ‘Orbiliai’
1275 3043 1721 3129 (Terentiae
1767 3041 2108 3107 Orbiliae
2154 3041 2242 3127 V.)
2289 3041 2676 3127 [Lucinius];
2733 3044 2908 3110 sicut

599 3160 669 3224 in
715 3160 1028 3247 genetivis
1076 3159 1185 3224 sed
1232 3159 1499 3224 diversis
1538 3159 1803 3242 syllabis
1840 3159 1996 3223 item
2039 3155 2277 3242 (sicut
2305 3181 2356 3223 e.
2387 3182 2444 3242 q.
2475 3181 2523 3222 s,
2570 3181 2692 3223 om.
2731 3158 2905 3242 odd.)

601 3297 640 3339 a
667 3275 781 3342 eti
810 3279 875 3341 et
898 3275 1232 3343 Lucretius
1270 3275 1492 3341 crebro
1536 3277 1601 3338 et
1636 3278 1855 3339 noster
1882 3273 2065 3338 Maro
2104 3274 2321 3339 ‘aulai'
2362 3275 2590 3338 ‘aurai'
2632 3274 2899 3360 ‘pictai'

1541 3389 1703 3454 V[[[
1748 3391 1887 3471 [21]
1915 3390 1961 3454 h

779 3556 1118 3577 „„„„„„
1140 3567 1183 3576 .,
1262 3506 1417 3592 quin
1464 3527 1644 3591 ergO,
1690 3507 1746 3570 si
1792 3508 2006 3570 ostrea
2050 3526 2236 3589 cen0,

777 3622 1110 3707 cognorim
1155 3622 1446 3708 fluvium,
1490 3621 1718 3687 limum
1765 3643 1839 3685 ac
1885 3643 2154 3686 caenum
2201 3643 2422 3707 sapere
2467 3621 2727 3704 ipsum?

599 3822 767 3888 sunt’,
792 3823 983 3875 deinde
1022 3830 1079 3874 ‘a
1113 3825 1383 3890 primum
1420 3825 1638 3891 longa’
1664 3842 1708 3877 e.
1733 3843 1782 3891 q.
1807 3840 1849 3876 s.
1939 3828 1989 3877 V
2025 3824 2123 3875 illa
2148 3840 2285 3891 quae
2307 3824 2373 3875 de
2394 3826 2905 3891 praepositionibus

597 3892 716 3944 abs
754 3896 807 3942 et
843 3892 923 3943 ab
957 3893 1302 3958 antiquorum
1339 3894 1546 3959 placita
1571 3893 1734 3944 refert
1761 3893 1966 3955 Velius,
2002 3892 2215 3943 Lucilio
2254 3894 2450 3943 tribuit
2474 3894 2584 3948 Iac.
2619 3894 2906 3946 Beckerus

599 3959 787 4027 philol.
813 3960 906 4023 VI,
930 3963 1047 4012 756.
1138 3960 1273 4012 VIII
1326 3961 1466 4012 Non.
1491 3965 1608 4024 216,
1639 3966 1699 4014 15
1728 3965 1963 4047 ‘ostrea
2003 3961 2197 4011 neutri.
2255 3961 2565 4012 Lucilius
2594 3966 2906 4045 satyrarum

769 4176 829 4234 8-
856 4176 985 4250 quin
1030 4176 1122 4248 M,
1189 4174 1318 4249 quid
1375 4177 1502 4233 cdd.
1549 4202 1637 4214 -
1678 4191 1814 4249 ergo
1858 4176 2054 4233 Lehm.
2114 4190 2309 4233 comm.
2356 4176 2533 4232 Lucr.
2585 4173 2734 4246 1223
2794 4193 2906 4252 ego

600 4262 726 4317 cdd.
776 4291 852 4301 -
901 4267 1081 4318 ostrea
1127 4277 1296 4317 caeno
1340 4261 1453 4332 Dp,
1500 4275 1664 4316 cerno
1711 4267 1893 4316 ostrea
1938 4279 1987 4318 v.
2175 4260 2211 4317 9
2260 4260 2542 4334 cognorim
2592 4261 2904 4334 BentinuS,

594 4346 752 4417 Iun„
801 4363 908 4404 non
956 4347 1135 4404 norim
1177 4347 1290 4420 Dp,
1339 4345 1596 4421 cognorit
1638 4345 1792 4402 libri.
1838 4375 1919 4385 —
1966 4361 2159 4401 cenum
2204 4346 2368 4401 idem.
