3267 5075
638 309 807 368 XLII
1092 300 1622 367 QUAESTIONUM
1658 300 2219 357 LUCILIANARUM
2255 299 2486 355 LIBER.

639 470 904 530 sentiant
943 472 1007 529 et
1044 469 1414 543 concordent,
1467 473 1681 547 sponte
1722 474 1786 531 et
1825 491 2014 548 paene
2054 471 2304 531 dixerim
2343 471 2549 531 invitis
2589 467 2935 529 auctoribus

638 577 990 653 plerumque
1027 576 1228 636 evenit
1262 576 1516 652 simplici
1551 578 1688 655 lege
1723 579 1973 655 pulchri.
2027 579 2216 655 igitur
2251 580 2360 637 aut
2392 580 2553 637 totos
2588 594 2800 635 versus
2827 577 2939 635 aut

639 702 739 743 eas
766 686 969 759 partes
987 702 1141 760 quae
1168 702 1415 743 caesura
1440 684 1645 761 aliqua
1666 684 2045 745 efficerentur
2071 688 2143 745 ut
2166 684 2491 761 plurimum
2509 683 2675 743 vides
2693 701 2933 759 reprae-

638 789 863 869 sentari
897 809 935 849 a
968 791 1390 867 grammaticis,
1437 791 1540 850 sed
1568 791 1834 851 omnium
1860 792 2117 851 maxime
2135 792 2418 851 abhorret
2442 809 2480 849 a
2506 789 2932 866 probabilitate

638 915 738 956 eos
758 897 1083 957 delectatos
1111 916 1242 957 esse
1269 898 1583 957 afferendis
1607 898 1816 958 metris
1843 917 1996 975 quae
2024 899 2150 959 sive
2175 899 2239 957 in
2265 897 2553 975 principio
2580 896 2706 956 sive
2731 896 2797 954 in
2823 896 2930 954 fini

630 1023 756 1074 ⁸uno
791 1005 994 1062 essent
1018 1021 1227 1065 manca
1258 1005 1574 1081 semipede.
1619 1005 1767 1064 haec
1794 1006 1952 1064 enim
1979 1007 2056 1065 ab
2084 1005 2330 1065 Homeri
2355 1005 2495 1062 inde
2521 1005 2720 1062 aetate
2746 1022 2932 1078 quam

634 1109 890 1168 maxime
925 1110 1119 1171 invisa
1152 1111 1338 1171 fuisse
1374 1113 1567 1188 poetis
1603 1132 1778 1173 nemo
1805 1113 2046 1190 ignorat
2079 1113 2196 1172 nisi
2231 1105 2510 1190 ἄμουσος.
2564 1109 2714 1169 talia
2737 1109 2931 1186 igitur

634 1217 905 1292 exempla
941 1218 1233 1280 eliminari
1270 1220 1563 1297 oportuit3
1615 1222 1696 1310 et'
1712 1220 1954 1279 hercule
1990 1239 2110 1281 non
2145 1237 2399 1296 magnae
2437 1219 2605 1277 aleae
2644 1235 2741 1276 res
2782 1217 2928 1294 fuit3

634 1323 853 1382 etenim
873 1326 1085 1400 sponte
1105 1327 1453 1404 plerumque
1471 1326 1877 1400 occurrebant,
1901 1325 2119 1402 quibus
2137 1325 2453 1386 tolleretur
2470 1325 2701 1398 vitium,
2732 1343 2930 1384 emen-

633 1431 921 1493 dationes.
956 1463 1030 1474 —-—
1073 1435 1300 1494 lacunis
1328 1453 1510 1511 quam
1544 1454 1681 1495 raro
1720 1434 1843 1494 sint
1876 1435 2204 1511 depravata
2242 1433 2581 1509 fragmenta
2615 1434 2928 1491 auctorum

632 1556 785 1613 quae
813 1542 1091 1615 prostant
1115 1542 1273 1618 apud
1300 1541 1828 1619 grammaticorum
1856 1541 2207 1602 Latinorum
2245 1540 2561 1616 plerosque
2591 1538 2690 1599 vel
2717 1529 2789 1597 ex
2816 1539 2929 1597 hac

634 1647 947 1722 apparebit
970 1649 1329 1709 recensione.
1384 1649 1624 1708 illarum
1662 1647 2004 1724 praestigiis
2040 1664 2221 1723 quam
2248 1646 2566 1705 ridiculum
2592 1646 2668 1703 in.
2683 1645 2926 1704 modum

584 1773 593 1782 ·
633 1754 857 1813 abusus
886 1754 968 1814 sit
994 1756 1369 1829 Ribbeckius,
1396 1756 1687 1815 iamante
1713 1754 1987 1814 undecim
2013 1753 2218 1814 notavi
2244 1772 2446 1813 annos.

809 1861 985 1922 Nunc
1020 1862 1095 1921 de
1131 1862 1718 1940 orthographicis
1755 1861 2163 1921 rationibus
2199 1859 2558 1920 recensionis
2594 1858 2774 1918 huius
2809 1858 2926 1919 dis·

633 1967 968 2028 serendum.
1266 2037 1275 2046 ,

809 2073 1008 2150 Igitur
1046 2076 1403 2155 ubicumque
1445 2097 1517 2137 ex
1556 2077 1916 2137 testimoniis
1958 2079 2269 2136 auctorum
2313 2075 2416 2151 qui
2458 2074 2776 2134 servarunt
2814 2074 2922 2133 has

631 2180 914 2256 reliquias
943 2186 1181 2258 poterat
1206 2184 1354 2259 elici,
1393 2186 1599 2245 sedulo
1627 2184 2001 2244 restituimus
2035 2183 2393 2259 scripturam
2428 2181 2748 2241 verborum
2776 2199 2923 2253 eam,

631 2308 751 2363 qua
777 2288 1074 2350 Lucilium
1099 2291 1295 2366 ipsum
1323 2311 1499 2351 usum
1528 2294 1661 2351 erat
1686 2291 2019 2368 probabile3
2057 2290 2221 2354 ultra
2247 2288 2527 2365 progredi
2553 2307 2673 2347 non
2700 2287 2925 2362 placuit

631 2395 817 2471 probe
851 2397 1157 2472 reputanti
1200 2418 1354 2474 quae
1390 2399 1752 2458 Bitschelius
1794 2398 1945 2457 dixit
1982 2398 2045 2457 in
2087 2397 2549 2475 prolegomenon
2589 2395 2923 2454 Trinummi

634 2522 732 2580 pg.
759 2502 1080 2565 LXXXXI.
1114 2538 1188 2547 —
1231 2525 1340 2566 nec
1355 2524 1508 2588 ,vero
1546 2508 1677 2567 tota
1703 2505 1918 2566 Lucilii
1946 2505 2108 2565 salus
2145 2505 2208 2565 in
2242 2523 2303 2572 u,
2341 2505 2410 2571 ei,
2447 2520 2507 2562 cc
2541 2522 2650 2579 pro
2683 2520 2742 2578 y,
2779 2505 2820 2571 i,
2857 2520 2925 2562 ex

632 2609 1018 2671 restituendis
1053 2612 1149 2671 vel
1188 2613 1480 2673 similibus
1516 2615 1874 2674 versabatur
1909 2612 2194 2672 minutiis.
2229 2643 2303 2652 —
2348 2613 2613 2669 ceterum
2643 2611 2747 2687 qui
2774 2611 2923 2669 mul-

632 2719 764 2775 tum
789 2719 1013 2777 versati
1043 2721 1186 2778 sunt
1212 2719 1274 2778 in
1301 2721 1600 2780 codicibus
1628 2720 1877 2793 LatiniS,
1907 2722 2142 2792 norunt,
2171 2721 2335 2795 puto,
2369 2737 2549 2793 quam
2577 2717 2658 2776 sit
2683 2717 2923 2776 difficile

633 2841 810 2898 saepe
856 2826 1139 2898 statuere,
1195 2827 1690 2903 orthographicae
1735 2826 2086 2886 insolentiae
2139 2827 2297 2884 unde
2342 2826 2565 2884 ducant
2616 2823 2921 2901 originem.

632 2948 784 3005 quae
821 2930 924 2989 ubi
959 2931 1358 3008 antiquissimi
1386 2934 1675 2994 sermonis
1704 2933 1961 3009 speciem
1988 2951 2132 3009 prae
2160 2951 2224 2992 se
2252 2912 2478 3004 ferunt,
2511 2950 2688 3006 saepe
2715 2931 2923 2990 eodem

631 3037 761 3095 iure
788 3038 865 3097 ad
894 3037 1108 3097 ultima
1133 3039 1366 3115 imperii
1383 3040 1634 3099 Romani
1662 3041 1759 3100 vel
1788 3040 1981 3115 prima
2006 3040 2186 3099 medii
2215 3039 2346 3100 aevi
2375 3039 2614 3098 saccula
2637 3057 2820 3114 quam
2846 3039 2922 3098 ad

639 3145 811 3204 Ennii
837 3144 1171 3221 Luciliique
1197 3146 1409 3206 referri
1436 3150 1691 3223 possunt
1717 3150 2004 3223 tempora.

808 3253 892 3312 Et
916 3254 1200 3329 pleraque
1236 3253 1477 3328 quidem
1503 3254 1725 3313 veteris
1764 3253 2093 3329 scripturae
2119 3254 2438 3312 verborum
2474 3252 2595 3311 iam
2622 3256 2797 3312 erant
2822 3254 2924 3313 ob·

629 3359 902 3418 litterata
925 3360 987 3417 in
1016 3360 1101 3419 eis
1130 3360 1586 3437 exemplaribuS,
1624 3362 1782 3419 unde
1810 3340 2040 3420 Nonius
2069 3361 2134 3418 et
2153 3359 2368 3435 reliqui
2394 3360 2768 3436 grammatici
2795 3380 2926 3421 ver·

632 3485 735 3527 sus
763 3465 979 3525 Lucilii
1010 3466 1455 3543 transcripsere.
1490 3500 1564 3509 —
1599 3487 1776 3544 porro
1804 3468 2050 3544 dignum
2078 3466 2365 3525 memoria
2389 3466 2541 3525 illud
2570 3458 2755 3547 (quod
2780 3487 2923 3527 sane

631 3574 763 3650 ipsa
781 3572 925 3632 tulit
948 3562 1074 3652 res)
1103 3591 1307 3633 eorum
1335 3574 1591 3634 maxime
1610 3574 1817 3634 formis
1836 3575 2154 3635 verborum
2175 3573 2561 3633 immutandis
2578 3573 2923 3650 frequentes

636 3680 818 3739 fuisse
844 3679 1282 3756 grammaticos,
1311 3700 1464 3757 quae
1491 3701 1609 3741 non
1638 3682 1715 3741 ad
1742 3683 1967 3740 rectam
1997 3680 2353 3756 scripturam
2382 3680 2776 3753 asserendam,
2816 3682 2921 3740 sed

632 3787 709 3847 ob
735 3787 1007 3863 quamvis
1044 3786 1223 3845 aliam
1259 3805 1501 3847 causam
1528 3788 1606 3847 ab
1634 3788 1721 3847 eis
1749 3788 2120 3860 afferrentur,
2159 3786 2337 3845 simul
2372 3787 2475 3846 ubi
2511 3786 2923 3861 multiplicatis

631 3896 1002 3956 diversorum
1036 3896 1347 3953 auctorum
1383 3893 1447 3951 in
1481 3913 1547 3952 re
1583 3895 1787 3954 eadem
1830 3894 2115 3969 exemplis
2152 3893 2577 3971 aequalitatem
2613 3893 2923 3970 orthogra-

631 4003 806 4078 phiae
834 3998 1092 4062 obtineri
1116 3998 1206 4059 rei
1231 3999 1536 4060 intererat.

807 4109 901 4167 Ex
942 4107 1028 4167 eis
1068 4108 1272 4167 autem
1311 4125 1465 4182 quae
1504 4108 1831 4181 restabant,
1872 4108 2127 4167 maxime
2167 4108 2327 4183 apud
2367 4107 2646 4181 Nonium,
2691 4108 2923 4184 priscae

631 4214 1094 4293 orthographiae
1109 4212 1382 4290 vestigiis
1409 4213 1571 4272 haud
1593 4232 1785 4290 pauca
1810 4218 1953 4275 sunt
1976 4215 2216 4275 inversa
2242 4234 2349 4291 per
2375 4214 2555 4273 medii
2583 4214 2716 4274 aevi
2741 4214 2922 4274 libra-

630 4324 767 4398 rios,
795 4323 899 4401 qui
925 4321 1180 4383 maxime
1209 4322 1262 4380 ei
1286 4339 1395 4399 pro
1423 4322 1447 4381 i
1473 4323 1537 4382 et
1563 4323 1625 4382 ai
1651 4340 1759 4400 pro
1788 4339 1872 4395 ae,
1897 4341 2074 4398 porro
2101 4341 2132 4382 s
2157 4323 2412 4383 recisum
2439 4323 2621 4401 atque
2649 4326 2730 4381 est
2756 4324 2924 4382 trun-
