3267 5075
1053 431 1151 486 EX
1189 429 1423 488 LIBRIS
1459 429 1814 488 INCERTIS.
2447 428 2582 492 283

464 596 603 655 100.
679 597 944 658 simillima
1002 599 1166 656 tr‘adit
1218 598 1684 656 Pseudoasconius
1739 600 1792 655 in
1849 599 2018 655 Cicer.
2078 597 2183 654 div.
2242 616 2456 672 paragr.
2502 598 2585 656 50
2678 667 2691 677 .

292 701 387 757 pg.
439 682 562 739 120
592 682 677 738 cd.
709 682 899 753 Oreli„
944 683 1037 739 sed
1070 684 1276 741 diversa
1322 684 1485 756 louge
1532 683 1725 741 Festus
1776 684 1914 753 134,
1961 683 2165 739 Nouius
2198 682 2296 751 65,
2346 682 2584 740 isidorus

291 786 373 825 or.
407 768 516 842 XV,
548 768 604 831 3,
642 768 741 840 11,
785 769 904 837 alii3
952 766 1174 825 videnda
1219 787 1355 844 quae
1402 777 1661 826 notarunt
1690 769 1789 824 Od.
1825 769 2115 826 Muellerus
2145 769 2209 824 ad
2252 768 2399 825 Paul.
2435 767 2582 833 135;

293 852 582 910 Teuffelius
628 855 907 929 encyclop.
954 853 1143 928 philol.
1194 855 1295 924 nn,
1348 852 1542 922 13583
1589 854 1854 910 Beckerus
1884 854 2136 927 antiquit.
2168 852 2323 910 Rom.
2369 854 2405 925 Ι,
2441 853 2582 910 322.

293 938 680 1013 Porphyrionis
729 938 883 994 verba
930 955 1066 1012 quae
1110 948 1239 996 sunt
1284 956 1436 1013 quae
1481 955 1560 997 ex
1604 956 1671 996 eo
1702 939 1926 996 Maeuii
1966 941 2231 996 columna
2266 940 2584 996 vocabatur

294 1033 411 1082 orta
456 1038 577 1079 esse
622 1023 866 1080 confusis
899 1023 1106 1081 Maenio
1151 1024 1440 1082 ‹iecoctore
1485 1033 1540 1081 et
1581 1023 1641 1080 C.
1690 1024 1896 1080 Maeuio
1941 1041 2096 1080 cons,
2142 1042 2191 1079 a.
2243 1041 2290 1078 u.
2323 1023 2469 1094 416,
2515 1023 2583 1079 de

293 1126 400 1183 quo
447 1107 651 1164 Plinius
697 1107 940 1177 xxxiiii,
989 1106 1202 1180 5‚-41:
1260 1113 1550 1184 antiquior
1594 1111 1994 1167 columnarum
2039 1110 2386 1182 celebratio,
2432 1113 2582 1165 sicut

294 1196 351 1251 C.
387 1194 636 1262 Maenia,
684 1198 785 1267 qui
825 1196 1121 1250 devicerat
1162 1198 1391 1266 priscos
1433 1195 1693 1264 Latinos,
1738 1194 1929 1249 statuit
1979 1192 2340 1250 Franckenius
2387 1192 2449 1263 ΙΙ,
2480 1191 2580 1248 44.

293 1295 418 1336 sane
466 1280 822 1353 prominentia
871 1277 1101 1335 tabulata
1132 1277 1499 1336 aedificiorum
1545 1277 1608 1334 ab
1654 1278 1759 1334 hoc
1787 1287 2010 1353 auctore
2041 1277 2308 1335 Maeniana
2354 1280 2581 1334 vocitata

293 1370 529 1421 constat.

466 1449 603 1507 101.
677 1457 805 1519 uota
848 1457 977 1506 sunt
1022 1449 1227 1506 Horatii
1274 1452 1433 1507 etiam
1490 1450 1578 1505 ilia
1640 1443 1713 1524 [s.
1761 1449 1811 1520 1,
1858 1449 1929 1521 3,
1966 1449 2084 1507 132
2127 1466 2243 1522 sq.;
2300 1466 2387 1524 ep.
2436 1448 2473 1514 1,
2526 1450 2582 1520 1,

295 1529 572 1610 106—8]
622 1538 862 1605 sapiens
905 1540 1099 1608 operis
1141 1539 1225 1593 sic
1270 1540 1514 1608 optimus
1544 1539 1724 1591 omnis
1769 1541 1854 1592 est
1899 1536 2120 1606 opifex,
2168 1537 2324 1593 solus
2354 1538 2439 1591 sic
2470 1550 2585 1590 rex

296 1628 350 1676 et
394 1636 560 1693 porro
608 1622 687 1676 ad
727 1636 1029 1675 summam.-
1073 1624 1310 1691 sapiens
1352 1638 1466 1677 uno
1511 1623 1699 1676 minor
1743 1626 1828 1676 est
1863 1620 2016 1691 Iove,
2053 1621 2232 1688 dives,
2274 1620 2440 1690 liber,
2485 1619 2582 1674 lw-

296 1712 574 1771 noratuS,
617 1706 897 1776 pulcher,
953 1720 1066 1762 rex
1110 1707 1353 1778 denique
1393 1712 1621 1779 requiri,
1664 1708 1987 1776 praecipue
2031 1720 2242 1772 samm,
2301 1707 2414 1760 nisi
2455 1720 2583 1759 cum

292 1793 499 1862 pituita
544 1790 859 1846 molestast.
924 1819 995 1830 -
1057 1789 1223 1846 Varro
1279 1790 1445 1862 longe
1499 1788 1641 1862 fugit
1687 1790 1778 1862 qui
1823 1804 1953 1844 suos
2013 1789 2181 1861 fugit:
2236 1791 2392 1846 solus
2450 1804 2583 1856 rex,

295 1877 450 1931 solus
495 1875 722 1944 rhetor,
771 1876 928 1931 solus
967 1876 1333 1946 formatam,
1373 1874 1576 1945 fortis,
1626 1889 1825 1953 aecus·
1853 1876 1938 1930 vet
1984 1876 2064 1931 ad
2102 1875 2427 1929 aedilicium
2470 1891 2581 1927 mo-

293 1961 463 2030 dium,
503 1975 699 2030 purus
738 1966 932 2030 putus,
1020 1962 1072 2015 si
1112 1961 1192 2017 ad
1229 1960 1385 2015 hunc
1430 1946 1787 2033 χαρακτῆρα“
1806 1950 2159 2026 Κλεάνθους
2203 1956 2297 2028 (ita
2340 1956 2582 2026 Vossius,

296 2048 639 2116 cleopantus
681 2043 765 2099 vel
794 2046 1123 2116 deopantus
1151 2041 1289 2113 libri)
1335 2048 1652 2113 conveniet,
1698 2060 1842 2100 cave
1886 2046 2147 2116 attiyeris
2174 2043 2469 2099 hominem.
2501 2071 2584 2081 -—-

295 2137 532 2184 ceterum
589 2126 827 2184 Lucilius
885 2137 1064 2184 utrum
1121 2129 1372 2184 irrisione
1416 2128 1726 2184 Stoicorum
1785 2144 1914 2183 usus
1973 2128 2044 2183 sit
2089 2144 2260 2184 necne
2309 2128 2364 2183 in
2411 2125 2583 2182 verbis

295 2215 410 2269 istis
454 2215 541 2268 vix
588 2212 717 2269 licet
760 2211 990 2269 definiri.
1036 2243 1119 2254 —
1166 2217 1359 2269 exiam
1403 2230 1504 2287 pro
1551 2217 1719 2270 etiam
1764 2212 1967 2269 Monac.

466 2313 611 2373 102.
682 2317 923 2371 imitatus
966 2323 1050 2371 est
1098 2314 1349 2372 Horatius
1394 2334 1439 2373 s,
1474 2317 1493 2372 Ι
1530 2310 1620 2391 [2,
1654 2315 1737 2373 30
1765 2309 1881 2391 sq.]
1930 2316 2164 2388 quidam
2210 2320 2379 2370 notus
2421 2314 2583 2370 homo

295 2418 421 2456 cum
454 2403 648 2457 exiret
683 2400 939 2473 fornice,
986 2399 1196 2456 ‘macte
1236 2403 1444 2458 virtute
1485 2401 1628 2457 esto'
1676 2404 1858 2473 inquit
1887 2403 2172 2456 sententia
2202 2401 2297 2455 dia
2331 2399 2578 2455 Catmaeis,

293 2483 359 2540 ab
415 2484 522 2552 hoc
583 2482 765 2541 ultima
827 2485 924 2541 tria
982 2480 1138 2541 verba
1193 2488 1422 2560 sumpsit
1479 2485 1711 2559 Sulpicia
1769 2503 1816 2540 v.
1882 2484 1997 2555 48,
2042 2486 2196 2540 cuius
2242 2485 2483 2557 spurium
2528 2492 2584 2538 et

292 2570 510 2626 saeculo
557 2564 645 2625 XV
700 2569 763 2625 ab
821 2570 951 2626 italo
1011 2572 1309 2644 nescioquo
1366 2572 1729 2644 couscriptum
1788 2586 1999 2625 carmen
2058 2585 2233 2641 nuper
2287 2569 2468 2642 inepte
2524 2569 2585 2623 ut

293 2654 436 2711 solet
503 2656 696 2710 statuit
761 2653 983 2711 Rootius
1049 2654 1577 2714 AmsteiodamensiS.
1645 2685 1730 2695 —
1794 2654 2038 2710 Valerius
2096 2654 2188 2709 ilie
2243 2655 2365 2726 quis
2421 2653 2585 2708 suerit

289 2740 560 2810 ignotum.
665 2739 881 2812 quidam
939 2739 998 2794 L.
1063 2739 1326 2795 Valerium
1367 2738 1627 2795 *Flaccum
1691 2741 1782 2813 qui
1837 2738 2027 2794 consui
2088 2739 2192 2793 fuit
2247 2755 2295 2793 a.
2358 2754 2409 2792 u.
2459 2737 2582 2793 623

291 2839 389 2879 seu
433 2824 814 2898 cognominem
870 2823 1021 2879 iilum
1080 2826 1171 2896 qui
1227 2840 1423 2879 censor
1475 2841 1596 2880 cuni
1654 2824 1855 2879 Catone
1901 2823 2026 2879 570
2081 2817 2161 2878 vei
2206 2821 2267 2889 Q.
2317 2821 2581 2877 Valerium

290 2908 556 2964 Soranum
602 2912 1008 2982 grammaticum
1064 2916 1120 2963 et
1175 2916 1387 2981 poetam
1433 2907 1640 2964 Lucilio
1687 2908 1963 2981 aequaiem
2021 2916 2076 2963 et
2128 2914 2318 2962 notum
2366 2906 2423 2961 P.
2469 2906 2584 2962 Sei-

289 2994 438 3065 pioni
483 2991 775 3068 significari
829 2991 1219 3049 existimarunt.
1308 2992 1400 3048 sed
1451 2992 1580 3049 tales
1639 2992 1924 3067 plerasque
1969 2993 2308 3066 opinationes
2366 2992 2583 3047 silentio

291 3079 550 3152 tegimuS.
863 3071 882 3089 ’
2517 3079 2520 3082 ’

466 3161 606 3221 105.
682 3161 815 3219 illud
861 3177 972 3236 que
1016 3164 1296 3219 traiectum
1342 3172 1403 3219 ut
1447 3163 1484 3219 1.
1535 3163 1620 3219 XI!
1664 3166 1909 3235 firmiter
1953 3164 2061 3220 hoc
2101 3166 2443 3238 pariterque
2488 3169 2583 3218 tuo

290 3251 363 3302 sit
404 3255 650 3320 pectore
691 3251 897 3320 fixum.

465 3332 603 3390 106.
677 3331 810 3388 iliud
857 3335 969 3388 duc
1014 3349 1135 3388 cum
1181 3334 1356 3389 minus
1401 3330 1616 3406 obvium
1664 3338 1809 3388 esset
1841 3330 2089 3401 librariis,
2138 3329 2323 3405 legere
2351 3330 2454 3387 sibi
2486 3332 2581 3405 visi

286 3424 420 3471 sunt
466 3419 598 3475 duc.
672 3426 912 3473 ceterum
952 3415 1185 3478 admissa
1229 3419 1538 3474 coniectura
1584 3426 1769 3474 nostra
1816 3418 1973 3474 etiam
2019 3415 2243 3472 similior
2290 3414 2351 3473 iit
2395 3432 2581 3472 versus

287 3499 556 3557 luvenalis
599 3500 894 3558 LucilianO.

466 3583 601 3645 107.
677 3603 892 3643 carcer
937 3591 1035 3644 vix
1077 3603 1324 3644 carcerc
1366 3589 1600 3662 diynus,·
1657 3589 1692 3643 i.
1739 3605 1787 3645 e.
1832 3586 1987 3644 locus
2042 3586 2275 3642 carceris
2321 3603 2428 3642 non
2477 3595 2581 3642 tam

284 3670 485 3726 foedus
532 3688 688 3752 quam
736 3670 959 3747 dignum
1005 3679 1118 3728 erat
1163 3673 1380 3728 homine
1423 3672 1706 3728 scelerato.

467 3755 606 3815 110.
684 3757 931 3811 miseram
977 3755 1166 3813 Donati
1211 3765 1640 3813 commentorum
1672 3755 2042 3812 condicionem
2077 3756 2157 3811 vei
2191 3773 2255 3811 ex
2286 3757 2390 3812 hoc
2423 3756 2579 3831 srgm.

282 3849 335 3895 et
385 3839 748 3915 praecedente
804 3840 929 3897 licet
983 3843 1259 3914 cognosci.
1319 3872 1395 3881 —
1462 3841 1705 3897 Tiresia.
1790 3841 2063 3897 'Anchisa
2120 3840 2382 3915 producta
2440 3840 2582 3897 finali

281 3923 521 3981 Ennium
567 3926 622 3980 in
668 3924 948 3981 annalibus
990 3919 1189 3982 dixisse
1232 3927 1422 3982 statuit
1465 3926 1875 3991 Fleckeisenus3
1933 3926 2064 3981 mihi
2111 3934 2289 3982 tamen
2334 3925 2583 3999 displicet

280 4007 609 4065 vocabulum
653 4009 787 4065 iilud
834 4007 1125 4066 choriambi
1170 4026 1417 4066 mensura
1464 4008 1793 4079 adhibitum3
1839 4019 1893 4067 et
1937 4007 2213 4084 displicuit
2254 4027 2377 4066 cum
2408 4009 2582 4065 Dousa

277 4093 536 4150 Bentleio
582 4095 674 4166 qui
717 4092 973 4150 substitui
1018 4095 1190 4152 voluit
1239 4095 1510 4153 Tiresias,
1556 4126 1643 4137 —
1688 4098 1935 4170 triclini,
1980 4096 2052 4153 ci.
2098 4094 2279 4151 Lehm.
2326 4096 2377 4150 in
2421 4093 2579 4151 Lucr.

278 4195 486 4235 comm.
536 4176 690 4247 327;
736 4179 789 4234 d.
838 4196 881 4234 r.
929 4197 1000 4236 m.
1048 4179 1191 4237 391.
2278 4237 2281 4242 ,

462 4261 602 4318 111.
676 4262 902 4318 Crassus
946 4261 1038 4321 lib.
1085 4263 1193 4320 XVI
1225 4263 1448 4321 Iliados:
1495 4283 1527 4321 o
1557 4269 1703 4321 socii
1744 4264 1883 4337 (nam
1930 4266 2002 4321 ita
2047 4259 2325 4319 verissime
2354 4262 2578 4336 Iunius),

274 4365 439 4405 nunc
486 4350 590 4420 fite
635 4352 745 4405 viri
754 4374 773 4413 ;
816 4348 960 4405 Maro
992 4365 1107 4406 aen.
1158 4349 1203 4404 l:
1257 4368 1290 4407 o
1334 4353 1505 4422 socii,
1550 4365 1738 4426 neque
1782 4352 1928 4406 enim
1972 4352 2167 4427 iquari
2205 4365 2402 4407 sumus
2445 4358 2581 4409 ante

273 4431 590 4493 malorum.
1460 4432 1467 4438 ’
