3267 5075
644 311 807 395 ‘264'
1518 327 1738 381 LIBER.
1774 325 2051 381 xxvun.

813 498 914 558 66.
987 499 1249 553 relinerit
1293 503 1353 552 ut
1398 494 1656 550 Pacuvius
1705 497 1987 550 monet-int
2031 500 2280 552 moneris
2329 499 2625 553 tetinerim.

813 583 914 640 67.
989 581 1109 637 data
1155 582 1438 637 occasione
1483 578 1640 634 liceat
1687 580 1814 641 mihi
1858 581 2133 653 egregiam
2166 580 2262 635 sed
2308 587 2545 653 spretam
2578 579 2726 653 vulgo
2753 579 2886 635 Lach-

641 668 818 724 manni
863 665 1289 723 emendationem
1337 662 1706 738 praecedentis
1752 665 2015 719 lemmatis
2046 663 2168 720 libri
2214 666 2404 738 scripti
2451 682 2554 738 ope
2596 664 2885 721 confirmare.

643 770 763 809 nam
809 752 882 808 ibi
927 768 1046 806 cum
1095 750 1259 823 vulgo
1318 750 1590 804 ferrentur
1643 749 1802 804 haec:
1861 749 2195 805 adolescere
2243 765 2546 805 creseere.-
2597 752 2736 806 unde
2774 752 2887 804 adu·

640 841 949 895 lescentem
995 837 1131 891 dicit
1175 835 1481 890 Lucretius
1524 834 1621 890 lib.
1667 831 1762 888 ΙΙ.·
1806 834 2050 905 denique
2082 837 2455 891 adulescendi
2494 852 2750 891 summum
2788 838 2887 889 teti-

567 958 572 965 ·
640 938 779 995 gere
826 936 1133 983 cacumen,·
1182 920 1468 974 Laberius
1510 921 1567 972 in
1616 916 1924 973 Sororibus
1963 920 2099 974 laus
2144 923 2367 974 nomine
2410 922 2595 991 yloria
2641 922 2888 988 (adolescit,

643 1007 1013 1065 Lachmannus
1070 1005 1366 1060 rectissime
1426 1001 1692 1058 intellexit
1747 1020 1776 1057 e
1833 1002 2104 1058 veteribus
2165 1005 2526 1077 grammaticis
2581 1021 2646 1059 ne
2697 1003 2888 1059 Nonium

646 1091 860 1165 quidem
906 1105 1167 1162 paeonem
1217 1089 1269 1142 in
1315 1088 1534 1142 heroico
1582 1094 1755 1142 metro
1800 1085 2131 1142 substituere
2177 1088 2411 1161 dactylo.
2487 1089 2652 1162 igitur
2690 1088 2891 1161 suspica·

643 1186 733 1232 tus
779 1182 863 1229 est
907 1191 1026 1229 eum
1085 1173 1297 1227 dedisse
1359 1174 1783 1227 adulescentem
1839 1173 2110 1243 dicimus,
2170 1186 2291 1228 mox
2346 1175 2593 1245 donique
2642 1174 2893 1228 alescendi

649 1258 850 1334 (donee
895 1261 1074 1314 alesc.
1123 1255 1243 1312 libri
1288 1254 1611 1326 Lucretiani)
1668 1264 1722 1311 et
1765 1258 1898 1312 laus
1943 1273 2145 1312 nomen
2200 1260 2387 1330 qloria
2441 1261 2658 1313 alescii.
2740 1258 2891 1329 atquin

645 1347 820 1419 ipsum
868 1342 972 1397 hoc
1017 1345 1219 1397 alescit
1263 1342 1431 1412 prima
1478 1356 1639 1394 manu
1681 1341 1735 1394 in
1781 1338 2026 1396 Leidensi
2073 1340 2207 1397 libro
2265 1341 2529 1414 scriptum
2574 1359 2688 1397 esse
2743 1344 2894 1414 (supra

647 1427 887 1483 additum
935 1425 1166 1482 secunda
1200 1423 1330 1495 ado)
1377 1424 1624 1479 oculatus
1660 1426 1813 1480 testis
1846 1426 2039 1479 resero.
2128 1428 2183 1481 in
2212 1425 2403 1481 eodem
2437 1428 2723 1501 antiquitus
2753 1425 2896 1480 luerat

649 1520 923 1568 exaratum
969 1514 1101 1567 dici.
1176 1518 1416 1566 ceterum
1460 1508 1799 1582 intellegitur
1829 1509 2058 1564 Nonium
2106 1509 2316 1566 dedisse
2348 1513 2609 1567 alescere
2643 1526 2898 1567 crescere.

820 1595 918 1654 68.
994 1595 1285 1667 descriptio
1331 1594 1577 1649 convivii.
1621 1623 1704 1632 -—-
1750 1593 1962 1649 XXIX
1974 1618 1989 1656 ,-
2032 1596 2086 1649 in
2130 1595 2259 1668 ipsis
2306 1595 2522 1667 quidem
2569 1595 2717 1651 Nonii
2757 1593 2901 1665 libris,
2972 1588 2985 1597 ’

650 1684 740 1755 qui
786 1681 1061 1737 saeculum
1107 1679 1169 1733 lx
1216 1695 1340 1733 raro
1386 1679 1697 1750 attingunt,
1753 1694 2043 1751 numquam
2090 1679 2385 1748 excedunt,
2437 1680 2489 1735 id
2537 1696 2703 1754 genus
2743 1696 2906 1734 nume-

649 1783 833 1822 rorum
879 1766 1061 1839 legere
1108 1781 1189 1818 me
1236 1779 1344 1819 non
1389 1762 1633 1829 memini3
1691 1761 1786 1817 sed
1844 1764 1895 1817 in
1944 1762 2328 1819 vetustioribus
2386 1766 2633 1837 saepius,
2686 1764 2818 1819 velut
2857 1765 2906 1817 in

652 1850 1003 1924 Neapolitano
1036 1848 1259 1904 Charisii
1291 1847 1609 1902 nec⁸1ninus
1656 1849 1709 1901 in
1754 1848 2210 1920 inscriptionibus.
2259 1878 2341 1888 -—
2383 1851 2637 1920 ticenae,
2666 1866 2756 1922 pro
2785 1852 2907 1919 fice-

650 1938 821 1991 dulae
866 1942 927 1989 ut
972 1936 1204 1993 nilellae
1250 1950 1348 2005 pro
1396 1932 1720 1996 niledzaelae;
1765 1932 1987 1987 eandem
2033 1932 2255 1988 formam
2288 1931 2521 1989 iuvenali
2557 1931 2909 1989 restituendam

650 2036 769 2075 esse
814 2027 963 2073 recte
1010 2019 1218 2072 monuit
1263 2016 1633 2071 Lachnianuus
1679 2032 1872 2071 comm.
1920 2014 2075 2072 Lucr.
2128 2016 2266 2073 204.
2312 2047 2395 2057 —-
2447 2021 2704 2089 siccaue,
2747 2018 2913 2075 turdi,-

651 2103 845 2159 licehat
889 2120 1017 2157 sane
1063 2101 1309 2156 facillima
1358 2117 1520 2173 opera
1565 2102 1855 2155 restituere
1899 2104 2130 2172 fieellae
2175 2110 2259 2165 et;
2304 2102 2397 2157 sed
2444 2103 2581 2158 nihil
2614 2119 2756 2176 opus.
2821 2101 2914 2156 fre-

654 2203 825 2260 quens
872 2188 1011 2242 enim
1059 2185 1332 2258 asyndetis
1379 2184 1632 2245 Lucilius.
1678 2216 1759 2225 —
1805 2190 2001 2241 curati
2029 2190 2215 2247 cocis,·
2259 2187 2310 2242 id
2343 2188 2517 2260 ipsum
2552 2186 2792 2260 praebent
2835 2201 2916 2240 co·

654 2271 797 2327 dices
843 2271 1109 2345 plerique,
1156 2278 1380 2343 excepto
1428 2270 1572 2342 quod
1620 2286 1649 2324 s
1694 2270 1819 2324 dum
1866 2287 2028 2343 supra
2074 2270 2396 2327 adscribitur
2439 2273 2494 2327 in
2541 2267 2916 2343 archetypo-ab

656 2372 759 2411 una
803 2359 824 2412 i
865 2354 928 2409 ad
961 2354 1183 2411 alterum
1214 2354 1469 2409 deri-avit.
1518 2385 1600 2394 -—-
1649 2354 1795 2427 quod
1827 2354 2197 2410 Lachmannus
2232 2350 2457 2432 [comm.
2491 2354 2647 2412 Lucr.
2677 2355 2710 2412 l.
2741 2347 2915 2428 menn]

656 2440 995 2497 scribendum
1041 2456 1160 2494 esse
1187 2439 1338 2494 *dixit

1060 2577 1116 2624 et
1159 2571 1359 2625 circum
1405 2569 1632 2624 volitant
1677 2553 1924 2641 ficetum,
1974 2568 2115 2623 turdi

1062 2656 1230 2710 curati
1276 2655 1436 2725 scite,

657 2810 764 2848 nou
814 2810 970 2847 unam
1018 2792 1086 2847 ob
1132 2808 1343 2848 causam
1390 2791 1657 2865 displicet.
1748 2808 1866 2846 nam
1913 2800 1967 2846 et
2011 2792 2272 2864 singulari
2321 2795 2559 2864 ficedula
2608 2790 2922 2858 offendimur,

657 2894 778 2932 cum
822 2878 1001 2932 statim
1035 2876 1328 2932 subiciatur
1357 2876 1578 2949 pluralis
1612 2879 1782 2945 turdi,
1827 2884 1881 2931 et
1912 2878 2209 2941 mutatione
2240 2877 2386 2932 iusto
2426 2877 2725 2934 audaciore.
2791 2890 2922 2949 prae·

659 2971 801 3016 terea
849 2963 965 3016 eius
1010 2964 1350 3017 coniecturae
1398 2963 1572 3016 minus
1617 2960 1754 3016 bene
1799 2963 2048 3016 convenit
2096 2977 2214 3016 cum
2261 2961 2509 3017 lemmate
2554 2962 2726 3018 Nonii.

821 3043 929 3101 69.
1004 3065 1117 3101 non
1160 3064 1367 3119 mayua
1413 3048 1677 3102 mercede
1722 3053 1825 3116 est,
1872 3064 1983 3102 non
2031 3049 2265 3102 mullum
2300 3047 2549 3118 praebet
2596 3062 2823 3102 usurae.

831 3131 927 3186 71.
1003 3131 1332 3204 pyrrichiaca
1380 3130 1548 3185 thesis
1595 3132 1706 3186 sive
1738 3129 1933 3204 dactyli
1965 3131 2018 3185 in
2066 3131 2351 3187 trochaicis
2395 3130 2638 3187 versibus
2681 3133 2788 3187 sive
2816 3144 2926 3183 ana·

659 3215 830 3290 paesti
875 3217 926 3270 in
973 3214 1208 3271 iambicis
1254 3216 1409 3270 initio
1458 3231 1706 3271 versuum
1739 3219 1870 3271 citra
1904 3216 2016 3270 vitii
2046 3216 2403 3289 suspitionem
2451 3215 2659 3273 duabus
2705 3212 2924 3290 partibus

662 3302 920 3359 orationis
965 3302 1232 3356 contineri
1278 3300 1504 3355 videtur.
2447 3359 2453 3364 ,

834 3384 929 3440 72.
1014 3386 1162 3441 Tulli
1173 3411 1188 3448 ,.·
1233 3384 1371 3440 idem
1419 3385 1504 3440 hic
1549 3387 1620 3440 sit
1651 3402 1819 3440 necne
1863 3402 1984 3440 cuin
2031 3402 2095 3440 eo
2143 3385 2233 3457 qui
2266 3393 2598 3440 memoratur
2628 3386 2664 3441 l.
2699 3386 2756 3440 ΧΙ
2791 3382 2925 3456 plane

661 3472 943 3526 incentum.
991 3500 1072 3508 -
1118 3473 1363 3526 animum
1409 3486 1486 3525 ex
1529 3461 1780 3528 homine,-
1832 3469 2192 3543 supplendum
2239 3486 2303 3523 ex
2348 3469 2755 3542 insequentibus
2800 3463 2924 3522 sacil-

659 3555 790 3609 limo
837 3571 966 3610 sane
1010 3562 1291 3627 zeugmate
1339 3564 1396 3610 ut
1443 3562 1569 3627 puta
1616 3557 1844 3611 deteris.
1895 3585 1973 3595 -—
2019 3563 2257 3609 ceterum
2303 3554 2549 3609 similitei
2586 3554 2760 3611 Aetoli
2803 3546 2925 3624 apud

661 3636 939 3709 Polybium
989 3646 1030 3693 t.
1067 3638 1149 3693 llll
1194 3657 1287 3712 pg.
1324 3640 1399 3695 13
1447 3639 1529 3695 ed.
1567 3639 2247 3730 Schweighaeuserianae.
2294 3634 2580 3713 πρότερον
2621 3632 2793 3710 ἔφατε
2834 3625 2926 3705 τὴν

665 3715 1025 3777 Αἰτωλίαν’
994 3735 1062 3776 εκ
1095 3718 1194 3796 τῆς
1226 3720 1519 3792 Αἰτωλίας
1551 3712 1717 3798 ἆρεῖν
1746 3716 1785 3797 ἢ
1816 3721 2025 3780 τοῦτον
2055 3717 2158 3779 τὸν
2190 3716 2388 3795 νόμον

835 3806 929 3863 73.
1007 3808 1290 3863 obducere
1335 3825 1444 3864 non
1490 3813 1728 3882 aperire
1772 3810 1865 3864 sed
1911 3812 2171 3881 operire:
2217 3827 2334 3864 nam
2381 3825 2511 3882 nug.
2555 3809 2696 3868 Non.

837 3891 931 3947 75.
1005 3899 1234 3947 metrum
1281 3909 1388 3948 non
1433 3896 1563 3949 satis
1607 3894 1829 3967 elegans
1885 3910 2006 3949 cum
2051 3894 2248 3949 iniecto
2307 3901 2433 3967 post
2476 3909 2751 3948 caesuram
2793 3902 2927 3942 voca·

665 3976 792 4033 bulo
841 3976 1129 4032 molossico
1178 3984 1289 4031 tum
1335 3977 1607 4050 duplicato
1640 3980 1691 4033 in
1727 3977 1830 4033 line
1860 3976 2122 4034 vocabulo
2155 3976 2397 4036 iambico.
2475 3978 2734 4050 quaedam
2771 3983 2924 4031 tamen

666 4062 939 4118 excusatio
986 4063 1161 4118 oritur
1207 4070 1260 4116 et
1314 4065 1719 4133 enumeratione
1774 4080 1955 4118 rerum
2001 4064 2259 4118 variarum
2307 4071 2362 4118 et
2406 4062 2689 4135 asyndeto.
2740 4089 2802 4099 —-
2849 4052 2922 4109 illa

662 4149 845 4219 pedis,
883 4149 1194 4219 pedicosus
1239 4148 1450 4202 reiectis
1497 4154 1738 4203 veterum
1786 4148 2252 4221 grammaticorum
2300 4147 2513 4221 ineptiis
2560 4147 2740 4220 priore
2782 4142 2922 4210 longa

668 4231 994 4287 efferendum
1020 4249 1139 4287 esse
1165 4233 1304 4287 sicut
1320 4228 1524 4304 pedico
1551 4234 1760 4288 monuit
1783 4230 2043 4288 FleckeiS.
2071 4248 2194 4287 ann.
2224 4232 2315 4304 ph.
2343 4249 2389 4285 a.
2422 4232 2580 4288 1861
2607 4249 2701 4305 pg.
2727 4224 2837 4285 574
2850 4236 2920 4292 sq·

837 4317 935 4372 76.
1012 4318 1154 4373 koce
1199 4317 1589 4390 pyrrichiacum
1621 4317 1674 4373 in
1720 4315 1903 4373 iambis
1933 4318 2043 4371 sive
2090 4317 2356 4371 trochaeis
2388 4315 2579 4371 ltalicis
2622 4317 2736 4373 sine
2778 4307 2923 4366 oll'en·
