3267 5075
1073 344 1080 349 ’
1130 343 1230 398 EX
1267 343 1501 399 LIBRIS
1536 343 1896 400 INOERTIS.
2520 348 2651 411 279

362 514 377 567 i
418 520 715 587 poneretur
744 513 800 568 in
832 512 1120 586 genetivis‚
1151 513 1304 568 sicut·
1323 512 1481 567 etiam
1513 511 1601 567 alii
1647 512 1823 568 iecere
1854 514 1971 568 eius
2006 520 2182 569 aetate
2212 543 2295 554 -
2325 514 2485 571 modo
2517 514 2650 571 tides

360 599 428 657 sit
456 597 698 653 Charisio
749 629 846 667 —-,
890 598 976 651 vix
1021 604 1197 652 tamen
1244 604 1303 652 ut
1347 596 1746 668 pronuntiando
1778 596 2033 653 efferrent
2061 599 2327 672 geminam
2372 599 2650 672 syllabam,

360 682 410 737 id
467 681 614 754 quod
672 683 878 755 primus
934 697 1098 736 ausus
1155 688 1242 736 est
1294 679 1631 754 Propertius,
1691 711 1775 723 —-
1830 691 2071 738 ceterum
2128 681 2285 737 verba
2331 682 2518 740 Lucilii
2574 686 2649 741 ita

358 765 694 839 accipienda,
751 775 812 821 ut
856 767 1224 821 existimemus
1281 781 1403 820 eum
1449 766 1500 819 in
1559 767 1743 839 priore
1788 773 1943 840 parte
1986 774 2197 822 saturae
2252 783 2350 839 per
2394 768 2647 843 ambages

359 850 606 924 tetigisse
649 867 848 907 nomen
893 860 1107 924 praeter
1136 851 1446 924 genetivum
1477 857 1533 906 et
1563 852 1860 907 vocativum
1903 852 2149 924 ineptum
2181 860 2356 907 metro
2387 861 2443 908 et
2475 852 2541 909 de
2585 866 2647 910 ea

356 936 675 991 difficultate
732 934 1032 1009 superanda
1078 934 1430 1002 disseruisse3
1488 935 1632 991 sicut
1672 952 1837 1009 saepe
1888 944 2082 1011 poetae
2126 937 2180 991 in
2225 953 2284 991 rc
2329 936 2519 1005 simili;
2576 938 2645 994 cs.

358 1021 411 1076 d.
458 1038 503 1075 r.
539 1037 608 1076 m.
663 1021 757 1076 12.
812 1020 907 1077 13.
957 1018 1055 1077 20.
1106 1049 1183 1060 -—-·
1230 1020 1465 1092 pessime
1509 1029 1690 1076 autem
1735 1015 2109 1076 Lachmannus
2153 1018 2221 1076 de
2264 1022 2440 1094 prisca
2485 1022 2646 1078 huius

354 1121 541 1160 versus
586 1104 756 1161 forma
788 1118 980 1161 comm.
1013 1102 1173 1160 Lucr.
1203 1103 1455 1177 pg.=329
1502 1103 1813 1178 disputavit,
1863 1103 2129 1177 vulgatam
2174 1106 2375 1178 quippe
2420 1123 2644 1180 eamque

352 1188 603 1253 absonam
647 1199 705 1244 et
747 1190 865 1262 ipse
910 1190 1403 1262 interpunctionem
1450 1197 1690 1245 secutus,

523 1274 625 1330 37.
700 1274 914 1330 Decius
926 1298 944 1337 ,-
984 1272 1044 1328 P.
1077 1273 1293 1329 Decium
1338 1274 1430 1346 qui
1474 1292 1519 1328 a.
1557 1271 1680 1330 120
1723 1272 1781 1329 L.
1816 1274 2083 1347 Opimium
2115 1274 2171 1329 C.
2207 1273 2431 1331 Gracchi
2476 1276 2643 1331 inter·

353 1359 613 1414 sectorem
659 1361 713 1414 in
757 1359 841 1413 ius
888 1359 1096 1413 vocavit
1138 1355 1428 1431 significari
1472 1359 1665 1414 statuit
1710 1358 2072 1414 Franckenius
2118 1358 2180 1430 11,
2230 1358 2325 1417 72.
2379 1390 2450 1398 —
2499 1368 2644 1416 ccte⁶

351 1459 470 1499 rum
518 1445 603 1499 bic
647 1460 834 1498 versus
866 1459 975 1515 quo
1006 1444 1277 1515 pertineat
1304 1442 1462 1516 plane
1492 1443 1786 1511 incertum3
1833 1459 1934 1499 nec
1965 1445 2108 1499 enim
2140 1443 2369 1499 multum
2400 1445 2642 1501 iuvamur

348 1545 410 1584 ea
471 1545 532 1583 re
587 1528 733 1600 quod
794 1527 1016 1583 nuculas
1067 1526 1447 1583 Praenestinos
1503 1528 1766 1584 vocitatos
1820 1543 1943 1602 esse
2008 1527 2175 1583 rel'ert
2242 1526 2435 1584 Festus
2497 1529 2636 1586 173.

345 1619 524 1668 tamen
579 1611 714 1669 illud
770 1615 1064 1684 confixum
1118 1619 1435 1685 corruptum
1494 1613 1759 1667 existimo.
1863 1612 2102 1686 pertinet
2162 1613 2314 1668 iocus
2373 1612 2639 1687 Scipionis

346 1696 486 1752 haud
533 1696 693 1752 dubie
738 1696 802 1752 ad
847 1713 961 1751 rem
1006 1698 1083 1751 eis
1130 1697 1222 1769 qui
1267 1698 1319 1751 in
1367 1695 1515 1752 libris
1573 1691 1645 1752 de
1702 1686 2342 1770 oratore·producuntur
2385 1699 2636 1770 personis

345 1789 508 1855 atque
553 1781 686 1837 adeo
731 1783 901 1855 ipsius
946 1780 1219 1836 Ciceronis
1265 1779 1576 1854 aequalibus
1620 1782 1976 1851 notissimam,
2022 1798 2165 1837 nunc
2210 1798 2335 1836 vero
2369 1780 2637 1838 oblivione

345 1864 608 1922 obrutam.
701 1866 842 1921 unde
886 1874 1123 1939 praestat
1166 1864 1438 1921 abstinere
1493 1883 1520 1920 a
1564 1865 1916 1922 coniectando
1975 1864 2057 1920 vel
2103 1867 2278 1921 verius
2336 1865 2631 1923 ariolando.

342 1980 424 1992 —-
470 1958 711 2007 ceterum
758 1951 1014 2024 pleraque
1060 1966 1196 2024 quae
1240 1949 1307 2006 de
1351 1953 1543 2006 aetatis
1574 1950 1878 2007 Lucilianae
1924 1951 2052 2006 viris
2092 1950 2259 2006 refert
2290 1949 2474 2006 Cicero
2521 1950 2557 2006 l.
2594 1952 2632 2007 ll

342 2035 408 2090 de
453 2043 672 2091 oratore
716 2052 818 2091 nec
861 2036 1037 2090 minus
1079 2034 1181 2091 alia
1226 2034 1484 2108 quaedam
1531 2052 1669 2109 quae
1699 2034 1766 2090 ad
1795 2035 2052 2108 privatam
2086 2033 2140 2089 P.
2172 2034 2440 2108 Scipio'nis
2472 2037 2634 2092 vitam

342 2120 668 2193 pertinentia
710 2118 938 2175 subinde
982 2128 1280 2175 memorant
1322 2120 1620 2192 scriptores
1666 2118 1838 2175 Latini
1884 2136 1914 2174 e
1957 2118 2126 2175 Lucili
2181 2121 2378 2175 saturis
2422 2110 2634 2177 venisse

340 2204 604 2278 plurimos
649 2203 811 2260 habet
853 2221 1108 2260 numeros
1151 2202 1563 2278 probabilitatis.
1661 2232 1667 2238 ·

509 2289 608 2346 39.
683 2288 1049 2362 sophistarum
1093 2287 1322 2345 ludibria
1367 2288 1472 2345 hoc
1517 2289 1822 2363 fragmento
1854 2288 2077 2344 inrideri
2121 2296 2246 2362 apte
2290 2297 2476 2345 monet
2506 2290 2626 2346 Sca-

339 2373 498 2449 liger.
543 2404 629 2414 —
673 2382 913 2430 ceterum
957 2372 1088 2429 illud
1132 2390 1233 2447 pro
1279 2372 1439 2430 solita
1484 2373 1729 2429 socordia
1775 2389 2054 2446 perperam
2100 2373 2365 2429 intellexit
2405 2375 2628 2431 Nonius

225 2526 235 2533 ,
338 2490 420 2499 —
464 2476 656 2533 aquae
713 2475 812 2532 pro
869 2468 1044 2532 atque
1098 2460 1153 2514 in
1196 2456 1348 2514 libris
1405 2458 1595 2527 Nonii3
1652 2458 1791 2515 idem
1847 2458 2033 2514 vitium
2079 2456 2230 2523 XVll,
2269 2458 2325 2531 1,
2359 2458 2395 2514 2
2443 2458 2628 2515 obser-

338 2547 590 2601 vavimus.

503 2649 604 2706 40.
681 2650 735 2703 in
780 2650 1000 2704 sciendi
1042 2654 1097 2703 ct
1142 2649 1435 2703 nesciendi
1479 2645 1751 2703 vocabulis
1798 2648 1957 2702 etiam
2001 2648 2248 2720 proximo
2295 2647 2456 2721 frgm.
2490 2646 2628 2704 ludit

338 2732 604 2802 Lucilius3
650 2732 724 2788 id.
770 2733 807 2789 l.
855 2732 986 2788 XXX
1032 2749 1198 2807 quem
1244 2736 1359 2788 scis
1401 2737 1556 2789 scire
1601 2738 1734 2789 tuas
1779 2747 1972 2788 omnes
2014 2733 2386 2804 maculasque
2431 2740 2624 2789 notas-

337 2834 462 2891 que.
513 2847 590 2859 —
640 2818 747 2874 sibi
787 2821 1040 2882 nesciat3
1095 2817 1271 2874 Plaut.
1330 2815 1442 2873 mil.
1490 2816 1611 2873 282
1673 2825 1791 2872 tute
1845 2819 1997 2872 scias
2041 2818 2149 2872 soli
2200 2818 2325 2880 uhi,-
2379 2816 2449 2873 ib.
2499 2816 2619 2873 331

335 2905 469 2959 mihi
509 2920 612 2978 eqo
657 2903 839 2973 video,
883 2904 1022 2959 milei
1061 2918 1164 2977 eyo
1206 2906 1371 2975 sapio
1418 2933 1494 2941 —
1537 2904 1867 2973 plurimum.

498 2987 603 3045 45.
680 2996 891 3051 verum
938 2986 1160 3044 Plautus
1193 2988 1457 3061 Amphitr.
1489 2984 1600 3057 ml,
1632 2986 1690 3055 2,
1727 2986 1803 3043 13
1836 3003 1965 3042 cum
1995 2989 2266 3043 cruciatu
2299 2994 2395 3043 tuo
2438 2990 2623 3043 istaec

334 3073 495 3129 hodic
540 3088 738 3136 verna,
772 3075 945 3129 verba
986 3073 1284 3145 funditas‚·
1343 3072 1413 3127 ib.
1459 3072 1501 3142 1,
1551 3072 1606 3144 1,
1654 3070 1733 3128 25
1784 3087 1909 3128 sum
1953 3083 2089 3128 vero
2134 3075 2314 3128 cerna
2359 3073 2618 3129 verbero.

333 3188 412 3197 —-
457 3159 938 3231 cercupithecom
984 3158 1372 3230 cercopitheci
1412 3157 1616 3230 legitur
1660 3158 1729 3212 in·
1760 3157 2013 3212 Varronis
2060 3156 2232 3212 verbis
2280 3156 2420 3226 201,
2456 3156 2554 3214 26.

497 3243 600 3300 47.
656 3242 756 3300 48.
833 3243 1005 3299 Dousa
1061 3259 1183 3298 cum
1228 3241 1503 3315 Scaligero
1561 3241 1675 3297 volt
1727 3242 1919 3316 reponi
1975 3242 2619 3313 camphippelephanto-

336 3331 613 3395 camelos;
660 3327 807 3401 quod
853 3334 1155 3383 monstrum
1200 3327 1439 3382 animalis
1486 3326 1611 3399 quid
1669 3325 1770 3381 sibi
1816 3326 1946 3381 velit
1989 3326 2193 3381 nescio.
2238 3354 2327 3392 η-
2381 3342 2447 3381 eo
2493 3343 2619 3400 por·

334 3420 482 3469 tento
530 3414 861 3486 tragicorum
907 3411 1067 3467 verba
1108 3410 1505 3485 sesquipedalia
1562 3411 1738 3485 qualia
1781 3418 1910 3466 sunt
1960 3413 2462 3468 incurvicervicus
2502 3413 2618 3466 sive

332 3501 831 3569 repandirostrum
875 3499 920 3553 si
964 3513 1188 3571 carpere
1233 3498 1467 3552 voluisse
1497 3495 1805 3569 putabimus
1847 3493 2132 3565 Lucilium,
2177 3502 2326 3551 certe
2370 3511 2479 3550 non
2526 3494 2618 3550 ad·

333 3583 547 3638 modum
595 3581 737 3637 felici
780 3583 998 3637 invento
1053 3599 1209 3637 usum
1266 3598 1388 3636 eum
1434 3598 1555 3637 esse
1610 3579 1886 3636 fatendum
1942 3580 2075 3647 erit3
2110 3578 2205 3635 cf.
2264 3596 2398 3635 mus,
2445 3578 2614 3654 Rlien.

333 3666 480 3739 xv11‚
530 3666 673 3737 197,
719 3665 820 3724 98.
864 3696 950 3706 —
993 3674 1231 3722 ceterum
1278 3666 1422 3739 quod
1469 3665 1599 3721 dicit
1645 3664 2005 3720 Franckenius
2034 3664 2098 3733 11,
2129 3664 2208 3722 33
2255 3664 2486 3720 sortasse
2514 3663 2619 3720 Lu·

332 3752 504 3808 cilium
552 3767 739 3824 presse
782 3759 1100 3824 sequentem
1146 3768 1385 3806 normam
1433 3751 1708 3821 Graecam,
1753 3766 1817 3804 ex
1863 3766 1968 3822 qua
2010 3750 2065 3806 in
2107 3751 2344 3824 propriis
2389 3752 2620 3807 nomini-

331 3834 427 3892 bus
490 3831 675 3903 ἵππος
740 3836 813 3890 sit
874 3835 991 3892 sine
1049 3835 1410 3909 adspiratione
1470 3835 1686 3890 dedisse
1742 3832 1876 3890 illud
1937 3837 2614 3908 campippelephantoca·

330 3924 532 3992 melos,
589 3936 908 3994 quamquam
951 3937 1112 3982 causa
1156 3937 1314 3994 quam
1360 3912 1513 3976 affert
1557 3928 1643 3975 est
1685 3935 1874 3993 parum
1920 3919 2142 3993 idonea,
2195 3930 2371 3977 tamen
2428 3921 2616 3995 utique

331 4007 544 4080 scripsit
587 4013 748 4080 poeta
792 4009 1180 4078 campippum‚
1225 4007 1349 4079 quia
1395 4007 1513 4061 eius
1548 4012 1721 4060 aetate
1761 4004 1986 4061 Romani
2029 4005 2268 4063 nondum
2314 4005 2616 4079 aspirabant

330 4105 601 4148 consonis.

494 4174 595 4232 48.
661 4177 1212 4247 pantherocamelus
1244 4175 1275 4230 i.
1308 4193 1357 4231 e.
1406 4178 1913 4252 camelopardaliS,
1958 4179 2069 4233 sive
2114 4184 2174 4231 ut
2203 4174 2455 4231 Horatius
2485 4174 2616 4231 dicit

329 4262 609 4320 diversum
652 4260 902 4332 confusa
945 4276 1128 4333 yenus
1167 4262 1459 4333 panthera
1506 4264 1744 4333 camelo,
1790 4262 1938 4336 quod
1983 4279 2042 4317 ea
2086 4259 2258 4316 bestia
2302 4257 2453 4315 nullo
2499 4276 2613 4316 om-

331 4348 456 4403 nino
518 4345 675 4402 modo
733 4343 1013 4420 dactylicis
1067 4341 1305 4402 n'umeris
1357 4348 1542 4421 potuit
1595 4348 1787 4421 aptari.
1888 4362 1986 4401 nec
2042 4362 2170 4402 vero
2229 4343 2409 4403 obstat
2464 4347 2612 4422 quod
