3267 5075
797 375 1328 442 QUAESTIONUM
1364 377 1926 431 LUCILIANARUM
1963 378 2194 433 LIBER.
2419 386 2648 446 XXVII
2687 351 2700 357 “

332 570 467 611 non
495 549 882 626 praestiterit.
908 580 982 589 —-
1017 568 1156 609 nam
1186 569 1321 609 cum
1348 552 1488 609 ante
1515 549 1713 626 ipsum
1740 546 1955 607 Lucilii
1982 531 2322 625 fragmenta
2346 550 2648 609 ferrentur

334 659 659 734 inquinata
697 657 1018 717 admodum
1060 688 1135 697 —-
1179 676 1252 716 ex
1288 657 1648 717 editionibus
1690 656 1871 716 Nonii
1912 656 2062 715 Aldi·
2077 657 2351 732 ‚maxime
2394 660 2456 715 et
2491 657 2647 716 Iunii

337 767 701 826 observasse
743 784 880 823 eum
921 768 1171 840 apparet
1213 765 1574 840 exemplaria
1621 796 1695 805 —-
1745 784 1996 840 cumque
2032 765 2161 839 ipse
2196 764 2364 823 libris
2410 765 2645 842 scriptis

336 876 589 950 praeter
619 871 956 931 Charisium
993 873 1268 931 uteretur
1305 875 1367 930 et
1402 872 1605 946 paucis
1636 890 1743 930 nec
1770 872 1957 944 bonis,
1996 872 2322 946 plurimum
2360 890 2497 930 eum
2529 870 2647 932 lion

335 981 538 1057 ipsius
577 980 752 1053 culpa
790 979 894 1037 sed
929 978 1103 1037 fatali
1139 979 1395 1054 quadam
1432 979 1786 1037 necessitate
1825 998 1862 1037 a
1895 998 2040 1039 vero
2069 980 2349 1037 aberrare
2376 998 2487 1053 par
2513 980 2646 1039 fuit.

338 1087 670 1147 accedebat
704 1087 955 1144 naturae
991 1084 1137 1145 vitio
1175 1087 1308 1144 orta
1346 1088 1408 1144 et
1435 1085 1838 1145 subsidiorum
1875 1087 2169 1145 tenuitate
2207 1088 2384 1145 aucta
2410 1086 2647 1146 Dousae

340 1197 414 1254 et
439 1194 633 1271 magis
654 1192 941 1269 Scaligeri
967 1191 1216 1251 audacia
1234 1192 1537 1250 interdum
1567 1193 1692 1251 sine
1722 1211 1901 1252 causa
1928 1194 2054 1252 ulla
2080 1193 2382 1252 tribuendi
2401 1193 2645 1266 Lucili0‚

337 1320 503 1378 quae
542 1303 745 1360 essent
771 1301 846 1358 ab
878 1319 959 1375 eo,
983 1298 1360 1373 alienissima,
1401 1302 1464 1358 et
1499 1300 1736 1375 saepius
1772 1303 2067 1375 corrupta,
2108 1289 2342 1376 quando
2373 1301 2534 1359 lenia
2559 1320 2650 1360 re-

336 1408 547 1467 media
581 1427 701 1467 non
748 1407 1150 1482 procederent,
1199 1405 1482 1465 adhibitis
1530 1407 1899 1482 gravissimis
1948 1406 2022 1465 ad
2071 1407 2344 1466 sanitatis
2393 1408 2648 1483 speciem

338 1517 842 1592 qualemcumque
872 1513 1291 1573 conformandi.
1333 1543 1407 1553 -—
1452 1531 1594 1572 sane
1621 1532 1697 1571 ne
1725 1514 1877 1572 hanc
1904 1513 2144 1589 quidem
2173 1514 2451 1588 praebuit
2478 1515 2648 1574 nobis

337 1624 502 1682 liber
521 1622 760 1681 Dousae
791 1621 1131 1693 utilitatem,
1171 1623 1242 1678 ut
1271 1622 1572 1695 exemplar
1602 1621 1730 1679 eius
1771 1620 2156 1696 quantumvis
2195 1623 2526 1679 correctum
2556 1639 2651 1679 ex·

337 1729 727 1806 primendum
756 1746 1065 1803 possemus
1095 1728 1333 1786 tradere
1362 1728 1574 1802 operis,
1620 1746 1835 1802 nempe
1872 1730 2166 1803 quotquot
2203 1730 2410 1786 extant
2436 1727 2650 1785 Lucilii

335 1838 704 1913 fragmenta,
739 1836 947 1893 nostra
973 1853 1153 1892 manu
1182 1834 1514 1909 perscripta
1542 1835 1617 1893 ad
1646 1835 2055 1911 typographos
2086 1834 2286 1892 delata
2315 1837 2469 1892 sunt.

528 1943 658 2002 Iam
693 1946 765 2000 ut
791 1941 1015 2017 ingrati
1055 1944 1215 2000 esset
1241 1941 1496 2000 hominis
1535 1944 1598 2001 et
1636 1940 1877 2017 superbi
1911 1941 2267 2028 exprobrare
2295 1941 2533 2001 Dousae
2563 1959 2652 1999 er-

336 2070 516 2111 rores
544 2050 834 2125 plurimos
865 2052 927 2107 et
954 2066 1024 2106 ex
1051 2051 1224 2123 parte
1252 2049 1654 2125 gravissimos,
1685 2049 1788 2124 qui
1816 2051 2153 2124 temporum
2181 2047 2379 2122 potius
2409 2048 2652 2106 illorum

338 2177 533 2235 quam
568 2157 758 2232 ipsius
797 2155 973 2230 culpa
1007 2174 1350 2230 provenere,
1402 2156 1489 2214 ita
1525 2155 1683 2214 foret
1717 2155 1963 2231 nugacis
2002 2156 2108 2213 aut
2143 2156 2304 2213 certe
2346 2154 2649 2211 abutentis

339 2266 474 2327 otio
505 2284 612 2325 suo
631 2264 986 2323 varietatem
1013 2262 1283 2322 lectionis
1313 2280 1433 2337 qua
1459 2261 1660 2320 differt
1687 2262 1793 2320 illa
1818 2261 2082 2320 recensio
2112 2280 2148 2320 a
2177 2263 2385 2320 nostra
2412 2261 2651 2335 plenam
2713 2298 2721 2305 ·

339 2390 668 2449 apponere.
720 2388 829 2429 nec
856 2370 1096 2429 hercule
1124 2388 1484 2445 quemquam
1511 2370 1717 2428 labore
1744 2369 1860 2429 isto
1890 2369 2073 2427 taedii
2100 2370 2278 2444 longe
2307 2366 2651 2442 plenissimo

338 2483 500 2558 puto
539 2478 613 2537 iri
648 2478 844 2537 iutum
880 2480 1121 2552 praeter
1156 2476 1629 2553 lexicographos3
1675 2476 1778 2552 qui
1813 2479 2015 2536 tamen
2054 2476 2104 2536 si
2139 2475 2314 2534 modo
2349 2473 2652 2532 dimidiam

339 2590 590 2666 partem
617 2604 832 2661 operae
869 2603 1049 2660 quam
1078 2585 1443 2644 collocarunt
1478 2584 1542 2642 in
1566 2584 1798 2644 frivolis
1836 2602 1904 2643 ac
1933 2583 2157 2643 nullius
2186 2582 2275 2642 rei
2300 2582 2653 2642 lectionibus

341 2692 777 2770 cognoscendis
815 2692 1198 2752 adhibuerint
1234 2692 1310 2750 ad
1345 2693 1510 2750 recta
1546 2694 1655 2749 aut
1691 2692 1850 2749 certe
1887 2689 2113 2748 tradita
2149 2690 2481 2766 antiquitus
2525 2709 2655 2765 per·
2764 2774 2770 2781 ι

342 2801 641 2878 cipienda,
671 2800 846 2858 facile
875 2818 944 2859 eo
972 2801 1258 2875 poterunt
1286 2816 1485 2857 carere
1515 2800 1577 2856 et
1603 2797 1737 2872 ipsi.

535 2907 770 2966 Dousae
798 2907 952 2965 liber
981 2906 1217 2982 saepius
1255 2904 1547 2979 repetitus
1587 2908 1681 2963 est
1707 2904 1886 2981 typis
1942 2924 2051 2965 nos
2081 2923 2152 2963 ea
2180 2923 2385 2964 sumus
2415 2904 2510 2963 usi
2538 2904 2657 2963 edi-

340 3018 536 3088 tione,
570 3033 748 3089 quam
775 3013 838 3072 in
865 3012 1191 3088 appendice
1221 3010 1544 3085 Censor-ini,
1582 3012 1712 3072 loco
1742 3030 1883 3070 sane
1912 3012 2290 3099 alienissimO,
2330 3010 2658 3087 publicavit

341 3121 855 3197 Havercampius3
884 3139 1037 3196 quae
1065 3123 1135 3179 ut
1160 3119 1352 3178 indice
1371 3119 1602 3179 adiecto
1622 3119 1783 3177 haud
1810 3118 2057 3193 inutilis,
2086 3118 2175 3178 ita
2199 3118 2500 3178 nonnullis
2521 3136 2658 3192 ope-

342 3248 564 3290 rarum
589 3227 818 3288 mendis
849 3231 943 3287 est
970 3226 1270 3287 deformis.
1406 3289 1419 3293 ,

536 3335 772 3395 Dousae
800 3336 961 3394 haud
997 3334 1277 3411 indignus
1313 3351 1616 3407 successor
1646 3333 1846 3392 extitit
1881 3332 1954 3392 Io
1968 3332 2112 3392 sias
2151 3331 2513 3390 Mercerus
2552 3330 2655 3405 qui

345 3442 619 3505 secunda
643 3441 823 3501 Nonii
851 3440 1108 3501 editione
1139 3433 1239 3521 (ea
1264 3441 1488 3517 prodiit
1513 3460 1564 3500 a.
1600 3433 1799 3520 1614)
1832 3443 1901 3499 ut
1929 3440 2166 3500 omnino
2193 3439 2453 3514 perbene
2482 3437 2657 3495 meri-

346 3556 458 3612 tus
501 3552 597 3609 est
637 3549 711 3608 de
751 3548 1142 3625 grammatico
1183 3548 1288 3607 illo
1325 3549 1412 3607 ita
1449 3549 1740 3624 quosdam
1776 3546 1990 3606 Lucilii
2032 3564 2241 3606 versus
2280 3544 2560 3604 eximium
2595 3544 2658 3602 in

348 3658 605 3719 modum
633 3656 973 3717 emendavit
998 3656 1097 3716 vel
1123 3655 1467 3715 illustravit.

538 3763 877 3838 Postquam
893 3763 1130 3830 saeculo
1149 3761 1324 3820 XVII
1352 3763 1664 3821 cessarunt
1685 3779 1906 3837 magna
1931 3760 2038 3818 illa
2065 3759 2319 3836 ingenia,
2350 3758 2452 3834 qui
2480 3759 2660 3833 prisci
2681 3832 2688 3839 ,

354 3870 648 3933 sermonis
668 3868 871 3929 Latini
888 3869 1100 3928 intima
1117 3868 1481 3944 perscrutati
1501 3870 1687 3941 erant,
1720 3870 1781 3926 et
1798 3867 2014 3926 Lucilii
2031 3866 2318 3942 reliquiae
2337 3885 2446 3941 per
2472 3884 2657 3925 annos

353 3981 495 4056 plus
528 3974 623 4037 CC
650 3977 887 4036 iacuere
914 3977 1191 4036 incultae.
1237 4006 1312 4016 -
1357 3978 1420 4035 et
1445 3975 1702 4034 maxime
1737 3974 1978 4050 quidem
2007 3973 2225 4031 mirum
2262 3973 2443 4032 debet
2470 3972 2660 4033 videri

353 4085 519 4162 quod
564 4103 708 4144 casu
752 4084 1024 4160 quodam,
1081 4102 1189 4143 seu
1232 4083 1417 4142 fatale
1463 4059 1612 4141 illud
1659 4082 1778 4141 fuit
1822 4080 2039 4154 odium,
2087 4079 2394 4138 Bentleius
2445 4078 2661 4138 Lucilii

356 4192 581 4253 saturis
609 4211 824 4268 parum
861 4209 1074 4267 operae
1109 4190 1395 4265 inpendit.
1453 4189 1598 4249 satis
1627 4188 1847 4265 quippe
1884 4187 2289 4263 infrequenter
2326 4187 2539 4245 harum
2575 4185 2662 4243 in-

354 4301 461 4360 icit
495 4299 876 4373 mentionem,
916 4301 1097 4375 atque
1133 4297 1282 4358 adeo
1318 4297 1514 4357 rarius
1553 4297 1736 4358 etiam
1772 4295 1964 4355 multo
2003 4294 2080 4352 ad
2119 4293 2518 4355 emendandas
2558 4311 2659 4353 eas
