3267 5075
645 322 729 387 88
1562 322 1784 377 LIBER
1819 322 2015 377 XXVI.

1580 484 1790 550 LXVI
1839 486 1977 565 [47]

822 602 1010 666 malis
1055 602 1326 666 veseeist
1369 601 1615 665 lautum
1664 623 1697 664 e
1744 623 1992 683 mensa,
2037 623 2220 684 pure,
2267 603 2567 684 capturos
2615 600 2854 664 eibum.

1574 715 1818 780 LXVII
1864 717 2002 796 [15]

825 880 1292 902 υυυυυυυυ
1336 854 1469 895 non
1514 834 1586 895 tu
1627 831 2103 896 multitudinem

696 929 781 1013 85
826 951 1111 1029 tuorum,
1159 969 1350 1030 quam
1396 947 1464 1010 in
1510 947 1727 1010 album
1774 946 2122 1028 indidistei‚
2169 947 2431 1010 conficis
2478 946 2706 1010 dextra
2751 947 2888 1011 tibi.

1407 1060 1680 1126 LXVIII
1728 1061 2018 1145 [XXVIL
2065 1055 2177 1142 36]

829 1177 1013 1242 trado
1062 1198 1214 1262 ergo
1263 1178 1420 1241 alias
1460 1199 1723 1242 nummo
1760 1200 1970 1261 porte,
2016 1177 2186 1261 quod
2223 1178 2382 1241 mihi
2420 1181 2678 1242 constat
2715 1179 2938 1242 carius

1496 1291 1704 1356 LXIX
1751 1291 1977 1374 [XXV‚
2024 1293 2091 1372 3]

830 1408 1065 1472 ideireo
1114 1429 1335 1471 omnes
1383 1430 1684 1472 evasuros
1732 1410 1997 1472 censent
2042 1408 2524 1493 aegritudinem.

1647 1522 1822 1586 LXX
1868 1525 1962 1604 [1]

831 1640 1125 1703 homines
1172 1639 1296 1723 ipsi
1340 1639 1507 1703 hane
1554 1639 1678 1702 sibi
1723 1638 2084 1702 molestiam
2131 1639 2300 1703 ultro
2341 1642 2531 1724 atque
2570 1662 2939 1705 aerumnam

1508 1754 1802 1818 offerunt.

835 1869 1077 1933 ducunt
1120 1892 1377 1951 uxores,
1423 1869 1808 1953 producunt,
1866 1870 2096 1953 quibus
2141 1869 2300 1934 haee
2346 1870 2633 1953 faveant,
2690 1870 2938 1934 liberos,

1606 1983 1811 2047 LXXI
1859 1984 1996 2065 [25]

706 2100 794 2164 90
841 2100 943 2164 sin
997 2101 1210 2164 autem
1272 2099 1394 2164 hoc
1458 2100 1703 2182 vident,
1767 2101 1940 2164 bona
2003 2122 2253 2184 semper
2314 2103 2529 2185 petere
2590 2102 2938 2186 sapientem

1508 2217 1758 2298 putant.

664 2448 759 2498 lib.
795 2447 979 2496 XXVI
1015 2444 1285 2512 (XXVII
1310 2448 1352 2495 B
1380 2451 1437 2497 et
1462 2462 1527 2495 m.
1560 2448 1583 2495 1
1613 2443 1767 2510 Gen.)
1794 2460 1957 2511 agere
1982 2474 2048 2481 —
2075 2451 2251 2511 opust.
2357 2446 2536 2498 LXVI
2578 2448 2719 2497 Non.
2742 2448 2853 2505 253,
2878 2450 2939 2497 33

666 2531 826 2581 cape
842 2530 905 2565 re
928 2516 1190 2581 accipere.
1230 2514 1391 2578 Vei-g.
1416 2541 1476 2548 —
1498 2520 1552 2564 et
1578 2541 1634 2549 -
1656 2512 1943 2565 Terentius
1964 2542 2028 2550 -
2051 2514 2356 2566 Lucilius
2384 2514 2478 2567 lib.
2502 2515 2701 2567 XXVI.
2721 2543 2782 2551 ——
2806 2514 2936 2565 idem

665 2587 781 2643 337,
825 2586 887 2634 10
922 2583 1180 2634 lautum
1217 2582 1486 2632 mundum.
1546 2582 1852 2632 Lucilius
1889 2581 1981 2632 lib.
2022 2582 2219 2633 XXVI.
2324 2583 2532 2633 LXVII
2580 2585 2716 2634 Non.
2742 2586 2852 2643 268,
2877 2586 2937 2632 33

666 2652 1010 2701 conficere
1050 2649 1321 2715 colligere.
1370 2651 1586 2699 Terent.
1611 2677 1672 2685 —
1700 2649 1774 2699 M.
1797 2649 2012 2700 Tullius
2033 2677 2089 2686 —
2115 2654 2250 2699 et—
2273 2651 2548 2702 Luciliu
2566 2667 2591 2702 s
2628 2651 2724 2705 lib.
2750 2650 2935 2702 XXVI.

769 2718 1002 2771 LXVIII
1047 2718 1186 2768 Non.
1214 2721 1331 2776 272,
1356 2720 1423 2768 23
1458 2722 1730 2768 constat
1764 2717 1909 2767 valet
1944 2717 2216 2768 consistit.
2297 2718 2612 2770 Lucilius
2651 2718 2743 2771 lib.
2769 2717 2939 2766 XXVI

668 2787 902 2846 (XXVII
937 2785 1104 2836 Iun.).
1245 2786 1426 2835 LXIX
1483 2785 1623 2834 Non.
1659 2787 1785 2845 294,
1822 2788 1852 2833 2
1898 2786 2179 2836 evadere
2215 2791 2298 2836 est
2333 2786 2572 2836 liberari.
2633 2785 2841 2836 Sallust.
2876 2811 2937 2820 —

669 2856 826 2918 Verg.
871 2881 931 2889 —-
973 2853 1277 2903 Lucilius
1314 2853 1405 2902 lib.
1445 2852 1621 2902 XXVI
1660 2851 1861 2917 (XXV
1898 2852 2034 2913 Ald„
2070 2853 2233 2915 Iun.).
2347 2854 2499 2903 LXX
2556 2854 2696 2904 Non.
2736 2856 2842 2915 360,
2875 2854 2930 2901 21

669 2923 920 2972 offerre
958 2922 1217 2972 invenire.
1287 2921 1535 2971 Lucilius
1570 2919 1663 2970 lib.
1700 2920 1877 2969 XXVI
1917 2920 2190 2982 (XXVII
2224 2920 2296 2983 133
2343 2921 2454 2970 lib.
2496 2922 2703 2971 XXVI
2749 2937 2840 2973 om.
2873 2919 2936 2982 A)

671 2990 965 3039 homines
1003 3015 1067 3023 —
1103 3003 1361 3039 uxores.
1400 3016 1467 3024 —
1501 2987 1643 3037 idem
1679 2991 1804 3048 372,
1845 2991 1906 3038 31
1967 2988 2335 3050 producere
2380 2990 2686 3040 instituere.
2754 2990 2936 3038 Teren-

672 3059 781 3107 tius
817 3082 879 3092 --
919 3056 1233 3107 Lucilius
1281 3056 1378 3108 lib:
1412 3055 1592 3105 XXVI
1633 3056 1889 3106 ducunt
1934 3073 1980 3105 e.
2019 3073 2066 3121 q.
2108 3073 2149 3106 s.
2345 3057 2524 3107 LXXI
2585 3057 2723 3107 Non.
2757 3059 2872 3117 367,
2906 3057 2937 3103 8

671 3130 904 3191 petere
958 3136 1179 3188 cupere,
1236 3128 1504 3189 appetere.
1597 3123 1867 3187 Vergilius
1921 3151 1985 3159 —
2039 3123 2348 3176 Lucilius
2402 3124 2494 3175 lib.
2550 3125 2744 3175 XXVI.
2994 3140 2998 3147 ·

843 3375 922 3431 83
968 3376 1199 3431 vesceist
1254 3372 1346 3446 Μ,
1374 3390 1620 3429 necesse
1677 3375 1804 3433 cdd.
1850 3371 2004 3445 253,
2060 3390 2283 3429 necesse
2335 3381 2420 3429 est
2474 3375 2622 3430 idem
2676 3373 2810 3430 337.
2858 3400 2935 3410 -

674 3461 848 3515 lutum
894 3461 940 3515 L
975 3461 1032 3531 1,
1066 3460 1112 3516 G
1159 3458 1300 3515 253.
1348 3488 1429 3497 —
1477 3475 1642 3531 purae
1684 3461 1821 3515 libri
1863 3456 2005 3514 253.
2050 3489 2130 3497 —
2178 3466 2433 3531 capturos
2478 3459 2563 3532 M,
2610 3468 2849 3533 capturus
2892 3455 2934 3510 G

674 3547 801 3600 loco
846 3551 1112 3617 utroque,
1157 3544 1204 3599 L
1251 3544 1280 3599 1
1322 3546 1529 3616 priore
1574 3545 1817 3616 captivus
1864 3561 1991 3600 cum
2036 3559 2156 3599 ras,
2186 3549 2319 3613 post
2348 3544 2385 3599 i.
2558 3543 2641 3599 84
2686 3551 2744 3598 tu
2783 3543 2935 3609 docti,

677 3637 729 3684 te
776 3630 900 3684 cdd.
1036 3628 1116 3684 85
1162 3627 1434 3683 indidistei
1466 3628 1549 3699 M,
1595 3628 1816 3684 indidita
1862 3627 2047 3699 (indita
2080 3629 2125 3683 L
2159 3628 2188 3683 1
2224 3646 2295 3683 m.
2333 3626 2390 3699 1)
2437 3630 2565 3685 cdd.
2614 3658 2690 3668 —
2736 3622 2934 3683 conficis

676 3712 862 3767 dextra
896 3711 991 3766 tihi
1025 3713 1105 3784 Μ,
1137 3712 1354 3768 dextera
1384 3710 1604 3768 conficis
1637 3712 1707 3768 ibi
1741 3714 1867 3768 cdd.
1918 3707 2127 3786 (dextra
2158 3711 2378 3768 conficis
2420 3711 2514 3768 tibi
2547 3716 2662 3769 iam
2691 3711 2822 3786 alii).

1406 3819 1475 3847 mo
2509 3840 2517 3849 ,
2821 3837 2826 3843 .

644 3882 649 3889 ’
679 3865 759 3922 86
793 3881 897 3939 ego
930 3864 1043 3920 aliis
1073 3865 1137 3921 D.
1169 3894 1250 3904 —--
1281 3881 1505 3943 numere
1539 3856 1612 3936 (ἢ
1645 3867 1864 3920 ιῐιίῐιίιηο
1899 3866 2050 3937 ΑΜ,
2075 3866 2143 3922 D.
2175 3896 2256 3906 -—
2280 3871 2427 3937 pulo
2457 3866 2547 3922 mi.
2664 3864 2741 3921 87
2770 3875 2932 3918 evasu-

680 4003 773 4042 ros
820 4004 892 4053 v.‚
939 4000 1197 4040 cursuros
1230 3984 1357 4040 cdd.
1405 4014 1489 4024 ·—
1534 3993 1794 4057 censente
1837 3983 2166 4058 grandinem
2215 3985 2288 4040 Β.
2428 3983 2509 4040 88
2555 3955 2934 4039 moles¹¹⁸¹¹¹⁷¹²'²

681 4071 744 4140 G,
794 4069 1114 4126 modostiam
1158 4072 1325 4139 prius
1368 4070 1415 4125 L
1464 4071 1516 4125 1.
1561 4098 1644 4108 —
1690 4084 1994 4125 aerumnam
2039 4070 2109 4140 Α,
2154 4069 2201 4125 L
2240 4069 2296 4136 1,
2342 4083 2618 4140 erumnam
2665 4069 2735 4135 Β,
2777 4079 2933 4120 erum-

680 4172 799 4210 nam
848 4156 913 4212 G.
1087 4153 1167 4210 89
1213 4153 1419 4210 ducunt
1464 4170 1663 4209 uxores
1719 4173 1824 4210 om.
1872 4154 1938 4208 A.
1984 4183 2067 4225 ἐ
2107 4151 2306 4226 quibus
2353 4172 2460 4213 om.
2508 4153 2579 4208 Β.
2627 4182 2706 4192 -
2746 4149 2934 4205 faveant

679 4239 770 4312 M,
820 4240 1017 4296 saciant
1064 4239 1130 4310 G,
1175 4239 1222 4295 L
1270 4240 1336 4308 13
1384 4238 1589 4294 faciunt
1633 4240 1706 4294 B.
1754 4269 1835 4279 —-
1874 4239 2135 4310 fortasse
2179 4237 2363 4311 quibu'
2420 4255 2540 4293 cum
2586 4237 2711 4292 haec
2738 4233 2929 4290 saciant.

810 4324 891 4382 90
934 4331 1127 4398 putant
1169 4326 1335 4388 docti,
1383 4331 1437 4379 et
1480 4331 1671 4397 putant
1717 4325 1843 4380 cdd.
