3267 5075
541 394 673 458 314
1171 395 1338 451 SUEI
1374 395 1772 451 CARMINUM
1806 395 2194 462 RELIQUAE.

1262 635 1537 704 FALSO
1580 635 2086 705 ADSGRIPTA.

1667 779 1702 844 I

718 862 1068 962 summates
1112 896 1233 961 viri
1279 898 1432 962 sunt
1474 895 1630 962 facti
1677 895 2068 981 simpolones
2118 895 2327 981 ganei.

1645 1011 1712 1076 Π

712 1183 755 1192 -
804 1126 1207 1212 myrrhinum
1250 1126 1411 1191 mihi
1457 1126 1666 1209 affert,
1713 1147 1839 1211 quo
1884 1125 2176 1191 virilibus

718 1243 913 1308 armis
958 1263 1285 1309 occursem
1328 1286 1440 1317 --a
1466 1241 1860 1307 fortiuscula.

540 1439 647 1502 giis
692 1436 869 1489 voluit
911 1436 1106 1502 reponi
1161 1441 1233 1488 ut
1284 1437 1352 1487 in
1405 1452 1521 1487 sue
1572 1452 1780 1500 mure,
1834 1441 1898 1486 ut
1938 1436 2137 1486 lacuna
2191 1435 2265 1486 sit
2317 1435 2574 1487 haustum
2629 1452 2839 1487 nomen

540 1506 843 1570 scriptoris.
911 1505 1168 1555 videntur
1201 1509 1382 1555 autem
1418 1519 1537 1555 ense
1569 1504 1741 1556 verba
1775 1503 2108 1566 comoediae,
2144 1518 2283 1568 quae
2319 1507 2500 1554 utrum
2536 1519 2709 1555 nurus
2748 1504 2843 1569 (ut

539 1573 739 1625 statuit
774 1571 1056 1636 Hertzius)
1091 1587 1163 1621 an
1196 1571 1343 1622 Mida
1378 1573 1494 1624 sive
1533 1573 1695 1623 aliter
1730 1573 1996 1637 inscripta
2031 1570 2196 1621 fuerit
2228 1586 2340 1621 non
2375 1571 2621 1625 decerno.

671 1642 699 1691 1
755 1639 1007 1704 Fulgent.
1045 1641 1164 1702 567,
1199 1643 1232 1690 4
1276 1639 1928 1691 summates'dicuntur
1960 1639 2066 1689 viri
2103 1643 2380 1703 potentes,
2415 1639 2837 1704 simpolones

538 1708 801 1759 convivae
835 1735 900 1744 —
936 1721 1211 1771 ganeum
1243 1723 1377 1758 vero
1423 1708 1648 1758 taberna
1691 1713 1794 1758 est.
1864 1706 2004 1758 unde
2045 1711 2100 1756 et
2136 1705 2405 1757 Satrius
2446 1707 2506 1756 in
2549 1707 2839 1758 comoedia

536 1775 831 1842 piscatoria
865 1776 963 1825 ait.
1002 1800 1065 1812 —
1103 1775 1191 1824 hic
1226 1791 1323 1840 pro
1357 1773 1455 1824 illo
1493 1775 1767 1824 Satrius
1804 1771 1908 1840 (ita
1943 1773 2069 1824 libri
2106 1774 2315 1839 optimi)
2363 1789 2485 1824 cnm
2529 1775 2607 1826 sit
2643 1775 2701 1824 in
2733 1790 2838 1825 ex-

537 1843 737 1907 cerptis
776 1842 1063 1894 Stavereni
1099 1841 1397 1904 Sustine,
1431 1843 1490 1893 in
1527 1843 1607 1893 ed.
1648 1842 1821 1907 princ.
1859 1841 2168 1904 Succius,
2214 1842 2273 1890 in
2308 1839 2484 1892 Guelf.
2520 1841 2618 1892 alt.
2654 1840 2833 1906 (saec.

535 1911 659 1974 XV)
698 1911 985 1972 satiras,
1023 1911 1079 1960 in
1115 1910 1409 1960 Basiliensi
1446 1910 1737 1968 Sattius,
1784 1911 1844 1959 in
1877 1909 2018 1960 libro
2053 1879 2312 1959 Vul’canii
2349 1908 2640 1971 Sata-iu&
2690 1909 2837 1960 illud

538 1978 821 2028 Suecius
856 1948 1091 2027 coniecit
1125 1977 1486 2042 reponendum
1520 1977 1582 2027 Ο.
1617 1976 1912 2029 Muellerus
1957 1977 2042 2026 ad.
2081 1977 2237 2027 Varr.
2283 1976 2407 2039 V11,
2448 1979 2560 2028 104.
2633 1977 2729 2027 sed
2767 1980 2830 2028 iu

533 2045 749 2095 homine
788 2051 896 2095 tam
930 2044 1126 2095 dubiae
1163 2043 1289 2097 fidei
1324 2044 1500 2111 qualis
1535 2044 1643 2095 fuit
1676 2045 2000 2107 Fulgentius
2044 2043 2298 2110 pleraque
2331 2044 2561 2094 incerta.
2631 2039 2834 2111 itaque

535 2128 857 2177 quamquam
891 2127 1003 2161 non
1036 2112 1309 2173 abhorret
1339 2128 1372 2162 a
1407 2127 1533 2162 vero
1569 2113 1706 2162 haec
1748 2112 1915 2163 verba
1959 2115 2021 2160 ut
2057 2126 2122 2160 ea
2168 2124 2320 2177 quae
2342 2112 2585 2176 proxime
2622 2128 2840 2176 ponen-

535 2186 625 2230 tur
668 2193 698 2229 Θ
742 2179 1017 2230 comoedia
1059 2179 1246 2246 aliqua
1290 2180 1461 2245 petita
1506 2195 1655 2242 esse,
1699 2185 1881 2230 tamen
1926 2179 2139 2229 Satrius
2186 2179 2280 2228 ille
2325 2179 2480 2229 cuius
2525 2195 2728 2230 nomen
2763 2195 2837 2230 ex

534 2247 721 2298 Plauti
758 2246 991 2298 Casinae
1028 2247 1128 2309 111,
1170 2254 1214 2308 1,
1255 2249 1316 2298 10
1358 2245 1545 2296 fictum
1591 2261 1713 2298 esse
1756 2262 1865 2296 non
1907 2246 2143 2297 absurde
2187 2246 2382 2296 statuit
2425 2247 2724 2297 Lerschius
2765 2248 2839 2298 de

532 2313 821 2378 Fulgentio
867 2328 954 2380 pg.
995 2317 1062 2366 68
1103 2330 1234 2365 ιιιιιιι
1278 2316 1496 2365 omnino
1540 2314 1707 2365 fuerit
1750 2330 1861 2365 non
1905 2320 2123 2365 constat
2166 2319 2221 2363 et
2261 2313 2430 2364 multo
2477 2315 2656 2365 minus
2703 2331 2837 2380 pro-

533 2382 715 2432 babile
748 2387 833 2432 est
868 2397 987 2432 eum
1020 2382 1188 2433 tuisse
1222 2382 1449 2433 eundem
1486 2399 1608 2433 cum
1646 2381 1824 2433 Sueio.
1865 2409 1923 2416 —-
1964 2385 2198 2431 ceterum
2236 2381 2567 2431 concinnavi
2603 2398 2837 2434 versum

534 2449 882 2515 quadratum:
918 2465 1043 2499 nam
1066 2450 1231 2514 vulgo
1254 2449 1525 2501 ferebatur
1548 2442 1800 2514 αμέτρως
1825 2448 1987 2500 illud:
2016 2450 2130 2500 sim
2146 2448 2430 2514 polones
2458 2449 2629 2500 facti
2655 2456 2840 2503 sunt.

672 2518 727 2569 11
784 2516 1106 2582 Fulgentius
1142 2516 1367 2582 mythol.
1392 2519 1491 2580 111,
1515 2518 1548 2568 8
1584 2533 1712 2568 nam
1746 2523 1802 2569 et
1838 2515 2113 2568 Sutrius
2150 2516 2549 2569 comoediarum
2584 2518 2841 2585 scriptor

531 2585 832 2636 introducit
869 2586 1176 2649 Glycerium
1219 2586 1323 2649 (ita
1357 2585 1691 2638 Bitschelius
1727 2602 1844 2650 par.
1878 2586 1963 2636 Pl.
1998 2587 2094 2651 28,
2137 2585 2503 2649 Glyconem
2537 2586 2616 2650 v.)
2657 2603 2840 2640 mere-

529 2653 716 2704 tricem
751 2653 1030 2703 dicentem.
