3267 5075
603 359 725 424 166
1386 359 1615 416 FALSO
1654 357 2082 415 ADSCRIPTA.

1637 521 1825 587 XVII

1019 633 1204 695 erant
1249 633 1314 694 et
1359 652 1667 714 equorum
1711 630 2007 693 inaurata
2052 629 2289 711 tapeta.

1424 741 1647 809 XVIII
1695 744 1842 825 [inc.
1894 745 2046 824 161]

772 861 960 925 Prob.
1016 861 1245 925 cathol.
1306 861 1500 927 1450:
1566 883 1650 943 po
1715 860 1962 942 syllaba
2014 859 2362 922 terminata
2421 858 2884 941 producuntur:

596 998 804 1060 vappo
850 976 1190 1060 vapponis3
1248 976 1485 1039 animal
1533 978 1631 1038 est
1677 976 1928 1058 volam,
1985 974 2155 1058 quod
2200 974 2394 1058 vulgo
2443 975 2692 1037 animas
2749 973 2887 1060 (alii

597 1089 916 1176 ammas)
981 1094 1243 1173 vocant,
1304 1091 1541 1153 lectum
1596 1092 1695 1153 est
1750 1090 1916 1173 apud
1962 1088 2328 1153 Lucretium
2374 1087 2494 1152 hos
2541 1111 2889 1172 vapponeS.

601 1246 682 1252 —
729 1207 853 1270 hoc
900 1207 980 1270 ad
1025 1204 1207 1268 Lucr.
1253 1203 1375 1288 III,
1422 1205 1551 1268 386
1609 1210 1751 1268 ‘nec
1797 1204 2050 1287 plumas
2099 1203 2313 1267 avium
2358 1224 2731 1287 papposque
2777 1226 2888 1267 vo·

597 1321 815 1384 lantis’
873 1320 1121 1384 rettulit
1172 1318 1680 1401 Lindemannus3
1745 1319 1914 1403 quod
1969 1321 2195 1382 contra
2248 1317 2703 1381 Lachmannus
2765 1319 2892 1381 sibi

600 1458 792 1520 quam
819 1438 988 1499 recte
1025 1434 1481 1520 grammaticus
1509 1455 1837 1518 vappones
1878 1433 2287 1517 adscripserit
2312 1431 2611 1497 Lucretio
2648 1433 2893 1517 liquere

600 1553 820 1634 negat3
886 1550 1044 1613 mihi
1109 1550 1265 1613 satis
1331 1552 1574 1612 certum
1642 1551 1741 1612 est
1783 1558 2133 1632 'perperam
2186 1548 2433 1631 Lucilii,
2477 1569 2717 1611 nomen
2770 1571 2894 1632 pro

599 1663 877 1728 Lucretii
932 1664 1337 1728 substituisse
1385 1662 1674 1727 Dousam
1730 1686 1874 1727 cum
1928 1663 2274 1748 plerisque,
2310 1633 2637 1747 ‘quonjam
2684 1683 2896 1747 neque

601 1780 669 1842 in
716 1779 1047 1843 catholicis
1082 1777 1278 1842 Probi
1323 1800 1528 1862 neque
1575 1779 1645 1842 in
1681 1779 1995 1842 institutis
2044 1779 2278 1842 artium
2324 1778 2456 1841 ulla
2493 1781 2668 1841 certa
2715 1800 2896 1841 men-

599 1893 692 1956 tio
740 1895 915 1957 extat
957 1893 1201 1957 Lucilii.
1273 1893 1474 1978 igitur
1519 1894 2009 1978 grammaticum
2056 1894 2237 1957 illum
2281 1892 2386 1957 hic
2431 1893 2557 1956 loci
2603 1895 2677 1956 ut
2720 1892 2899 1957 haud

600 2030 747 2072 raro
795 2007 954 2071 alias
993 2007 1126 2071 sive
1164 2030 1279 2071 sua
1326 2008 1457 2073 sive
1504 2030 1724 2073 eorum
1772 2030 1930 2092 quos
1979 2008 2363 2094 sequebatur
2408 2008 2596 2094 culpa
2636 2008 2898 2092 lapsum

606 2121 916 2185 existimo,

1663 2213 1818 2277 XIX

659 2317 741 2382 15
788 2316 1366 2383 austerissimarum
1411 2319 1756 2383 herbarum
1804 2343 1988 2385 sucos
2036 2321 2449 2404 exprimebat.

1503 2433 1624 2496 XX
1673 2432 1818 2520 [inc.
1866 2437 1974 2516 77]

781 2565 908 2626 qua
951 2542 1158 2605 facere
1205 2541 1270 2603 id
1315 2540 1524 2625 possis
1570 2545 1862 2605 nostram
1907 2565 2078 2607 nunc
2127 2543 2338 2627 accipe
2385 2545 2686 2606 mentem.

604 2699 763 2749 XVII
818 2700 1031 2750 Probus
1066 2714 1145 2763 gr.
1182 2699 1274 2751 lat.
1320 2700 1459 2761 1111,
1503 2703 1598 2751 129
1654 2702 1932 2767 quaeritur
1977 2701 2048 2752 ab
2094 2717 2156 2752 eo
2206 2701 2348 2766 quod
2383 2700 2532 2763 ,dixit
2576 2701 2902 2751 Lucilius

604 2768 709 2821 (ita
746 2768 1067 2827 Vaticanus,
1104 2767 1544 2820 Vindobonensis
1581 2769 1955 2833 Vergilius)
2003 2773 2185 2820 ‘erant
2229 2775 2284 2817 et
2310 2783 2593 2832 equorum
2636 2768 2903 2819 inaurata

606 2839 811 2899 tapeta’
852 2850 957 2899 qua
995 2836 1060 2883 de
1097 2850 1262 2884 causa
1297 2836 1400 2885 hoc
1437 2841 1679 2901 tapetum
1718 2839 1896 2887 facere
1931 2838 2340 2902 pronuntietur.
2378 2862 2441 2871 -—
2478 2851 2670 2886 verum
2693 2852 2904 2886 nomen

611 2902 852 2952 auctoris
887 2902 1134 2951 servavit
1168 2903 1215 2953 is
1255 2904 1347 2968 qui
1384 2904 1600 2969 scripsit
1636 2904 2074 2969 explanationem
2109 2906 2165 2954 in
2203 2906 2479 2954 Donatum
2515 2917 2594 2967 gr.
2631 2902 2730 2954 lat.
2768 2904 2903 2966 1111,

605 2972 731 3030 5423
782 2968 875 3018 ubi
908 2969 1135 3032 legitur:
1182 2970 1316 3020 item
1360 2972 1506 3036 apud
1543 2972 1784 3022 Livium:
1821 2977 1976 3023 erant
2011 2977 2069 3023 et
2104 2988 2365 3037 equorum
2400 2971 2654 3021 inaurata
2689 2976 2902 3035 tapeta.

610 3037 665 3085 id
719 3036 1080 3098 fragmentum
1131 3038 1455 3100 iungendum
1510 3055 1630 3089 cum
1680 3040 1778 3090 illo
1834 3040 1975 3105 quod
2029 3040 2256 3090 affertur
2300 3056 2334 3088 a
2375 3038 2514 3091 Non.
2555 3040 2670 3099 194,
2704 3041 2775 3089 20
2829 3055 2901 3089 ex

605 3104 752 3153 Livii
787 3119 956 3153 nonoz
996 3109 1221 3155 auratae
1255 3106 1502 3169 vaginae,
1537 3112 1732 3157 aurata
1755 3107 1938 3159 baltea
1964 3107 2071 3157 illis
2098 3112 2271 3157 erant.
2331 3112 2388 3156 et
2411 3106 2514 3156 hoc
2540 3105 2760 3171 quidem
2785 3121 2904 3156 non

609 3173 781 3235 magis
827 3187 990 3236 quam
1037 3171 1177 3236 quod
1221 3171 1425 3236 legitur
1469 3190 1558 3238 ap.
1606 3175 1748 3224 Non.
1787 3178 1903 3237 368,
1941 3178 2007 3225 25
2051 3191 2094 3225 s,
2129 3191 2179 3228 v.
2229 3173 2434 3239 pullum
2474 3173 2730 3223 historici
2773 3189 2903 3225 esse

607 3240 771 3302 Livii,
810 3244 871 3289 ut
908 3239 1175 3289 creditum
1209 3240 1393 3304 vulgo,
1427 3242 1638 3291 monuit
1666 3243 1920 3293 Hertzius
1957 3258 2082 3293 ann.
2107 3241 2239 3307 phil.
2267 3258 2319 3291 a.
2349 3242 2481 3293 1862
2505 3253 2633 3305 pgg.
2660 3242 2761 3291 709
2788 3257 2900 3307 sq.;

605 3322 703 3356 nec
739 3324 837 3358 nos
873 3324 961 3358 res
999 3305 1232 3371 fugerat.
1302 3324 1496 3359 versus
1533 3309 1612 3359 ita
1651 3310 1896 3360 videntur
1930 3326 2050 3361 esse
2085 3307 2535 3360 reconcinnandi:
2954 3310 2961 3315 '

1010 3390 1237 3442 auratae
1270 3390 1526 3456 vaginae,
1562 3393 1742 3443 baltea
1779 3392 1973 3444 aurata

1009 3458 1123 3511 illis
1155 3459 1311 3510 erant
1349 3466 1405 3511 et
1438 3460 1696 3525 equorum
1729 3460 2018 3513 indaurdta
2055 3461 2262 3528 tapeta.

606 3544 830 3596 baltea
864 3550 1101 3596 aurata
1126 3561 1227 3596 scr.
1252 3546 1530 3609 Hertzius,
1554 3546 1911 3597 indaurata
1935 3547 2340 3600 Fleckeisenus.
2369 3573 2426 3583 -
2457 3550 2576 3599 eod.
2603 3565 2711 3614 quo
2731 3551 2903 3602 Probi

607 3613 860 3663 librarius
886 3612 1073 3678 lapsus
1097 3619 1181 3663 est
1203 3630 1382 3663 errore
1406 3614 1605 3677 legitur
1630 3633 1681 3665 v.
1705 3631 1792 3680 ap.
1821 3614 1960 3670 Non..
1984 3618 2098 3668 176,
2130 3618 2189 3665 13
2214 3615 2518 3667 Lucilius
2548 3618 2901 3681 Aegistho:

608 3685 772 3744 atque
794 3680 872 3728 ita
899 3680 1080 3729 Bamb.
1110 3684 1223 3744 132,
1248 3685 1330 3743 31,
1369 3682 1462 3747 qui
1486 3687 1541 3731 et
1566 3684 1684 3744 473,
1710 3685 1773 3731 21
1813 3681 2121 3733 Lucilius
2157 3681 2437 3733 Achille.
2473 3709 2539 3719 —
2576 3689 2678 3735 cet.
2707 3692 2901 3750 quant.

613 3747 680 3795 ad
716 3747 949 3796 Probum
986 3747 1210 3796 videnda
1247 3764 1384 3813 quae
1419 3749 1721 3799 monuimus
1757 3754 1887 3799 nota
1924 3751 2161 3814 proxime
2196 3754 2469 3814 sequente.
2574 3751 2705 3801 XIX
2762 3753 2903 3804 haec

611 3812 781 3864 verba
816 3814 957 3863 irato
994 3814 1247 3878 Apolline
1284 3823 1441 3878 nata,
1495 3832 1631 3882 quae
1675 3817 1853 3867 adfert
1897 3818 2108 3868 Probus
2162 3818 2348 3867 nescio
2397 3818 2489 3883 qui
2532 3819 2590 3868 in
2623 3820 2907 3873 institutis

610 3881 806 3931 artium
844 3878 942 3945 [gr.
979 3880 1076 3931 lat.
1103 3882 1230 3943 1111,
1258 3882 1341 3945 67]
1381 3889 1443 3933 ut
1478 3886 1691 3949 probet,
1730 3885 1778 3935 si
1813 3885 1894 3935 dis
1934 3885 2109 3947 placet
2143 3886 2376 3935 austeris
2412 3886 2534 3947 dici,
2572 3902 2679 3937 non
2715 3895 2903 3939 auste-

606 3963 718 4011 rus,
756 3949 910 3997 cuius
946 3948 1058 3998 sint
1093 3949 1375 4013 scriptoris
1411 3952 1610 4014 nesci0,
1646 3951 1850 4002 Lucilii
1883 3959 2029 4001 certe
2067 3969 2174 4002 non
2213 3957 2354 4003 sunt.
2426 3954 2548 4019 quis
2586 3970 2748 4019 porro
2784 3970 2902 4006 cre-

611 4016 700 4065 det
735 4016 959 4079 homini,
999 4016 1089 4065 cui
1124 4031 1191 4065 ne
1227 4016 1499 4083 dactylica
1535 4020 1747 4084 quidem
1785 4019 1989 4069 Lucilii
2023 4021 2262 4069 carmina
2297 4020 2610 4084 afferuntur,
2646 4024 2901 4075 adfuisse

614 4084 861 4147 exempla
901 4100 967 4133 ex
1005 4083 1301 4133 trochaicis
1334 4083 1427 4133 vel
1460 4085 1739 4138 iambicis?
1783 4114 1849 4123 —
1895 4093 2132 4137 ceterum
2167 4089 2554 4153 superlativum
2591 4092 2903 4141 austerissi-

606 4166 726 4202 mus
761 4153 924 4202 etiam
959 4151 1124 4202 habes
1162 4167 1248 4216 ap.
1285 4152 1533 4202 Scribon.
1567 4156 1731 4219 Larg.
1772 4156 1838 4205 de
1877 4171 2112 4220 compos.
2148 4157 2286 4206 med.
2328 4159 2421 4206 142
2465 4157 2623 4206 vino
2662 4165 2901 4210 auste-

615 4219 899 4272 rissimo.
1020 4219 1123 4268 XX
1182 4218 1327 4268 hunc
1361 4234 1590 4281 versum,
1629 4238 1786 4286 quem
1824 4221 2004 4272 adfert
2038 4218 2215 4273 A'cron
2251 4224 2320 4273 ad
2358 4226 2486 4273 Hor.
2526 4229 2630 4275 sat.
2669 4227 2712 4287 1,
2739 4228 2789 4288 4,
2814 4229 2903 4291 86,

608 4288 970 4338 vetustissimi
1006 4287 1365 4351 manuscripti
1405 4288 1737 4339 auctoritate
1775 4291 2062 4341 manifesto
2102 4292 2316 4341 Lucilio
2362 4292 2530 4343 tribui
2572 4292 2652 4341 ait
2687 4293 2899 4345 Dousa.

610 4353 707 4404 scd
740 4354 797 4404 in
832 4354 924 4408 rel.
962 4355 995 4405 1.
1034 4354 1352 4420 simpliciter
1389 4360 1585 4422 poetae
1621 4357 1892 4409 tribuitur.
1966 4362 2022 4409 et
2057 4364 2140 4411 est
2183 4374 2250 4411 ex
2286 4360 2456 4427 primo
2489 4360 2742 4413 aeneidos
2781 4364 2901 4414 678.
