3267 5075
1137 391 1235 448 Ex
1274 390 1508 449 menis
1548 344 1908 451 memus.
2534 393 2685 459 275·

370 562 499 622 mihi
542 581 724 639 neque
771 564 931 619 huius
978 578 1075 617 nec
1122 561 1266 619 illius
1297 564 1529 619 nominis
1574 572 1793 636 praesto
1837 571 1967 618 sunt
2011 562 2266 636 exempla,
2315 562 2408 619 sed
2444 572 2502 619 ut
2534 580 2664 619 neu-

370 659 513 705 trum
557 667 585 704 a
631 647 1011 723 probabilitate
1055 646 1287 703 alienum
1334 663 1455 703 esse
1499 649 1819 704 existimem.
1879 677 1963 686 -—-
2018 647 2489 710 Icadion;h1mc
2531 649 2662 704 Ica-

367 736 519 791 dium
564 732 799 808 appellat
844 732 952 789 Cic.
997 731 1065 786 de
1110 732 1222 786 sato
1268 732 1328 803 3,
1362 733 1432 801 53
1466 717 1546 801 6,
1607 731 1698 787 ubi
1745 731 1907 789 hahes
1952 734 2068 789 sine
2113 734 2369 789 varietate
2417 732 2663 788 lectionis

367 824 424 876 in
470 818 710 889 Icadio,
741 818 949 887 Icadii,
981 815 1238 872 Icadius,
1285 847 1368 856 -—
1411 816 1551 890 apud
1583 816 1814 875 Graecos
1861 818 2208 873 inveniuntur
2240 818 2523 888 utriusque
2567 834 2664 874 no-

367 904 526 961 minis
571 903 833 976 exempla.

542 988 641 1044 13.
715 989 806 1056 ita,
856 985 1094 1041 diverbio
1140 956 1490 1058 constituto,
1509 987 1817 1045 coniectura
1867 996 2076 1060 poterat
2124 985 2664 1059 abstineri3·1lioqui

285 1144 293 1151 α
369 1071 713 1129 scribendum
758 1080 872 1127 erat
914 1088 1068 1126 nam.

542 1155 641 1213 14.
713 1159 921 1230 inquen
979 1170 1051 1210 ne
1108 1158 1343 1213 existat.
1433 1158 1505 1211 ita
1562 1152 1769 1212 Fronto
1827 1173 1921 1230 pg.
1979 1155 2057 1212 89
2116 1155 2199 1211 ed.
2257 1154 2399 1230 Lips.
2452 1164 2660 1227 postea

369 1246 538 1299 etiam
582 1245 792 1315 inquere
840 1257 917 1297 ex
963 1244 1162 1297 ulcere
1191 1243 1396 1310 extitit,
1449 1239 1534 1295 ubi
1565 1239 1791 1295 'memor
1820 1241 1924 1296 fuit
1965 1240 2203 1296 Naberus
2250 1240 2354 1296 loci
2385 1238 2661 1296 Luciliani.

366 1358 448 1368 —-
495 1326 629 1383 illud
674 1327 818 1383 bova
863 1326 1081 1381 restitui
1124 1334 1344 1381 secutus
1374 1324 1603 1380 iudicem
1637 1325 1959 1398 euphoniam
1991 1342 2091 1381 nec
2124 1327 2298 1381 minus
2331 1325 2475 1380 Pauli
2512 1326 2664 1381 testi·

367 1414 607 1468 monium
639 1410 780 1484 apud
812 1426 973 1483 quem
1004 1410 1208 1483 legitur
1238 1427 1331 1485 pg.
1365 1408 1447 1467 30
1492 1412 1633 1478 ‚bova
1679 1424 1925 1480 serpens
1969 1418 2053 1466 est
2083 1412 2356 1483 aquatilis
2400 1440 2483 1450 -—-
2529 1427 2661 1466 cru-

369 1515 494 1553 rum
541 1511 773 1569 quoque.
811 1503 997 1551 tumor
1040 1497 1167 1550 viae
1208 1495 1408 1551 labore
1440 1496 1721 1551 collectus
1765 1495 1906 1551 bova
1939 1497 2291 1567 appellatur.
2366 1495 2530 1550 Varro
2576 1512 2660 1569 ap.

367 1581 505 1639 Non.
552 1578 656 1651 25,
688 1578 725 1634 2
772 1581 970 1636 bovam
1013 1581 1131 1659 Igno
1179 1579 1466 1636 obleuisse.
1542 1581 1613 1634 ita
1659 1595 1834 1652 nuper
1862 1578 2147 1652 Propertio
2193 1578 2521 1634 reddidimus
2568 1571 2660 1635 bo-

369 1670 559 1723 varia.
647 1663 870 1723 videnda
916 1681 1051 1737 quae
1097 1664 1403 1719 notavimus
1448 1663 1511 1718 ad
1558 1666 1675 1720 eius
1721 1663 1780 1733 V,
1828 1663 1886 1733 9,
1938 1664 2034 1723 19.
2077 1693 2159 1705 --
2208 1663 2396 1737 glosae
2437 1662 2660 1720 Labbaei

369 1753 644 1809 bobantes
686 1745 978 1822 βοῶντες,
1025 1747 1114 1803 uhi
1159 1757 1306 1804 recte
1352 1748 1498 1805 docti
1544 1750 1836 1805 bovanies.
1892 1779 1975 1792 --—
2031 1749 2085 1803 in
2130 1749 2395 1820 excerptis
2451 1747 2663 1803 Pithoei

370 1837 516 1908 quod
565 1834 821 1891 tribuitur
867 1852 959 1908 pg.
1009 1833 1090 1895 70
1135 1830 1352 1889 verbum
1399 1831 1699 1907 officiperdi
1744 1832 1984 1903 Catulle,
2033 1834 2085 1888 id
2130 1840 2223 1888 aut
2267 1832 2332 1889 ad
2379 1834 2661 1904 mimogra-

368 1921 534 1995 phum
563 1918 831 1974 'Catullum
874 1916 1218 1975 referendum
1264 1927 1355 1973 aut
1399 1919 1584 1991 potius
1629 1918 1694 1973 ad
1740 1916 2018 1990 Catonem,
2063 1916 2413 1989 qui‘disticha
2444 1917 2663 1973 moralia
2744 1946 2749 1951 ·

367 2005 606 2079 scripsit.
695 2003 840 2076 quod
886 2011 1073 2058 eontra
1120 2018 1255 2077 quae
1300 2002 1406 2076 leg.
1442 2003 1517 2059 71
1567 2002 1753 2076 placor
1797 2002 2158 2075 tranquillitas
2206 2010 2265 2057 ut
2309 2000 2479 2056 Catul.
2531 1995 2662 2076 [64,

318 2115 321 2118 ·
370 2084 523 2165 273]
572 2088 823 2162 plangor,
874 2097 931 2143 ut
977 2087 1072 2142 alin
1120 2088 1234 2160 ipse
1278 2086 1539 2143 Pithoeus
1585 2087 1950 2160 interpolavit.

543 2174 640 2230 15.
717 2175 1069 2230 resultantes
1113 2173 1151 2226 i.
1185 2188 1232 2226 e.
1282 2180 1643 2228 resonantes.
1688 2203 1769 2211 —
1815 2174 2103 2245 aedesque
2146 2175 2460 2255 lacusqu33
2504 2172 2661 2229 aedes

369 2260 640 2334 laqueatas
686 2259 1072 2330 interpretatur
1115 2255 1321 2325 Dousa;
1367 2273 1558 2313 vereor
1603 2265 1780 2313 tamen
1826 2273 1894 2313 ne
1927 2258 2181 2313 memoria
2223 2258 2297 2312 sit
2327 2257 2509 2329 lapsus
2540 2256 2664 2313 Ser-

371 2347 507 2416 vius,
552 2359 686 2399 neve
729 2343 800 2397 sit
845 2340 1218 2415 reponendum
1248 2356 1538 2415 arcusque
1569 2358 1668 2414 pro
1702 2343 2008 2415 aedesque.
2082 2341 2313 2399 videnda
2357 2356 2494 2415 quae
2539 2342 2663 2397 affe·

370 2439 559 2485 rentur
604 2427 666 2483 ad
715 2427 877 2500 frgm.
924 2428 1242 2499 proximum.

543 2513 641 2570 16.
716 2516 997 2586 lacusque
1053 2527 1370 2585 arcusque;
1426 2513 1497 2567 ita
1551 2510 1701 2567 docti
1757 2509 2105 2585 probabiliter
2133 2511 2300 2585 capud
2353 2510 2661 2610 Lucretium

372 2600 431 2670 ΙΙ,
480 2598 559 2655 28
605 2601 881 2671 laqueata
928 2604 1297 2670 arquataque
1342 2605 1516 2654 tecta.

543 2682 785 2740 18.19.
862 2683 1000 2738 servi
1047 2681 1176 2737 haec
1224 2679 1395 2737 verba.
1459 2712 1533 2720 —-
1594 2680 1685 2736 illa
1727 2684 2003 2737 lactantis
2043 2684 2195 2754 ficus
2238 2681 2301 2737 ad
2348 2680 2498 2738 Ennii
2545 2699 2662 2737 ver-

372 2786 486 2824 sum
534 2771 626 2841 qui
670 2767 874 2841 legitur
917 2784 1003 2840 ap.
1079 2766 1229 2821 Char.
1284 2766 1400 2826 103
1434 2784 1478 2820 S.
1513 2784 1560 2821 v.
1607 2763 1696 2821 fici
1741 2765 2020 2821 referenda
2065 2782 2185 2821 esse
2231 2765 2372 2839 sugit
2418 2767 2660 2822 homiues

373 2854 581 2912 doctos,
631 2882 709 2890 -—
754 2854 1036 2909 luctantia
1084 2851 1221 2921 Coa,
1270 2850 1399 2907 Hor.
1446 2859 1547 2905 sat.
1581 2849 1641 2925 ΙΙ,
1672 2850 1733 2922 4,
1767 2848 1844 2907 29
1892 2853 1998 2907 sed
2040 2852 2168 2906 albo
2212 2868 2326 2906 non
2372 2854 2494 2907 sine
2526 2851 2655 2925 Coc.

373 2969 444 2978 —-
496 2948 735 2994 ceterum
782 2937 906 2991 huic
961 2936 1125 3008 frgm.
1182 2934 1462 3009 subiungit
1513 2934 1692 2990 Dousa
1742 2936 2040 2991 rectissime
2099 2935 2151 2989 id
2211 2934 2355 3007 quod
2410 2938 2658 3010 proximo

375 3023 491 3079 loco
538 3024 719 3096 posui.

540 3108 639 3166 21.
709 3106 974 3177 mur-ibri,
1021 3115 1155 3179 puto
1202 3107 1469 3168 marinis,·
1526 3122 1648 3162 nam
1692 3104 1929 3160 Lucilius
1976 3104 2176 3178 ubique
2226 3122 2285 3160 se
2342 3114 2401 3161 ut
2447 3108 2660 3179 peritis-

373 3195 562 3249 simum
619 3194 692 3247 ita
750 3190 1281 3248 observantissimum
1339 3207 1519 3246 rerum
1579 3206 1716 3262 quae
1782 3189 1847 3244 ad
1906 3188 2082 3245 cibum
2139 3191 2483 3263 potionemve
2543 3208 2663 3262 pei·

331 3341 334 3344 ,
374 3280 544 3334 tinent
589 3275 821 3333 declarat
868 3277 1307 3332 existimatorem.
1355 3306 1441 3318 ——
1481 3291 1632 3346 pecu
1680 3291 1802 3330 cum
1834 3274 2010 3336 hiatu;
2058 3274 2126 3329 ef.
2162 3276 2213 3328 d.
2251 3291 2292 3328 r.
2330 3290 2396 3330 m.
2432 3272 2575 3346 307,
2602 3274 2660 3332 8.

376 3362 532 3434 vulgo
577 3370 764 3417 contra
810 3359 978 3416 libros
1018 3357 1207 3433 piceni,
1258 3377 1361 3433 qua
1408 3377 1563 3414 usum
1610 3376 1729 3414 esse
1776 3359 1947 3414 forma
1994 3357 2252 3413 Lucilium
2300 3356 2554 3414 abhorret
2599 3359 2661 3414 ab

376 3450 515 3512 omni
563 3444 958 3521 probabilitate.

541 3531 639 3587 22.
713 3533 953 3604 sincere,
1004 3530 1037 3586 i.
1089 3547 1135 3585 e.
1185 3533 1447 3586 ementiri
1457 3554 1474 3593 ‚·
1519 3538 1602 3585 est
1648 3527 1941 3584 infinitivus
1988 3527 2301 3584 historicus,
2362 3557 2438 3568 —
2504 3528 2661 3584 Tibe·

376 3622 534 3675 rinus
592 3617 789 3673 catillo
803 3640 822 3679 ,-
894 3614 1079 3688 lupum
1151 3617 1353 3687 piscem
1424 3614 1729 3688 intellegit,
1797 3613 1862 3668 de
1935 3629 2042 3684 quo
2111 3612 2365 3667 Horatius
2437 3623 2536 3668 sat.
2596 3612 2660 3686 ΙΙ,

358 3702 434 3773 τ2,
480 3702 556 3760 31
590 3719 713 3776 sqq.

628 3782 783 3868 unde*
813 3811 997 3868 datum
1041 3813 1231 3883 sentis,
1278 3812 1439 3885 lupus
1486 3811 1571 3867 hic
1615 3809 1899 3868 Tiberinus
1945 3824 2011 3864 an
2055 3810 2167 3865 alto
2204 3816 2211 3822 '

625 3907 811 3971 captus
857 3898 1016 3965 hietg‘
1043 3907 1311 3971 pontesne
1353 3898 1497 3953 inter
1540 3898 1766 3951 iactatus
1812 3911 1875 3949 an
1922 3894 2090 3962 amnis

626 3985 762 4039 ostia
810 3981 910 4038 sub
955 3982 1131 4038 Tusci.

544 4099 801 4169 luvenalis
851 4102 909 4175 5,
962 4102 1077 4160 104
1109 4095 1238 4178 sqqs

625 4233 719 4282 aut
762 4225 934 4299 glaeie
979 4241 1231 4298 aspersus
1277 4222 1496 4280 maculis
1543 4221 1824 4279 Tiberinus
1873 4230 1930 4277 et
1971 4222 2086 4294 ipse

626 4310 852 4369 vernula
896 4311 1151 4384 riparum,
1199 4309 1417 4383 pinguis
1463 4316 1708 4364 torrente
1752 4306 1929 4362 cloaca

626 4407 680 4451 et
723 4397 918 4452 solitus
966 4393 1167 4452 mediae
1213 4403 1452 4466 cryptam
1498 4403 1781 4466 penetrare
1828 4389 2089 4445 Suburae.

2129 4486 2236 4538 18*
