3267 5075
668 436 795 507 180
1328 434 1786 497 TEsTmomA
1823 436 1918 493 DE
1957 434 2269 495 Lucum.

839 604 1199 691 ingenium,
1247 604 1457 688 capsis
1504 623 1695 688 quem
1739 603 1978 667 famast
2022 624 2161 667 esse
2208 601 2514 688 librisque

840 722 1207 791 ambustum
1253 719 1548 803 propriis.
1640 718 1833 783 fuerit
1877 717 2185 801 Lucilius,
2231 717 2523 803 inquam,

712 836 798 900 65
843 835 1043 900 comis
1089 839 1155 899 et
1199 836 1512 919 urbanus,
1556 835 1752 899 fuerit
1793 833 2076 898 Matior
2119 833 2320 916 idem,

840 973 1034 1036 quam
1080 949 1255 1014 rudis
1301 937 1369 1012 et
1412 948 1674 1015 Graecis
1721 949 1947 1014 intacti
1992 948 2293 1013 carminis
2341 951 2564 1012 auctor

841 1087 1160 1150 quamque
1205 1058 1540 1148 poetarum
1588 1065 1913 1128 seniorum
1956 1064 2175 1145 turba3
2224 1064 2334 1127 sed
2381 1063 2514 1144 ille,

841 1180 897 1243 si
942 1180 1111 1244 foret
1155 1180 1276 1245 hoc
1321 1184 1617 1273 nostrum
1663 1180 1798 1244 fato
1846 1178 2093 1242 dilatus
2127 1179 2197 1242 in
2244 1200 2496 1261 aevum,

843 1295 1156 1359 detereret
1202 1293 1324 1358 sibi
1370 1294 1600 1378 multa,
1647 1294 1954 1358 recideret
1999 1315 2187 1358 omne
2235 1294 2406 1378 quod
2452 1293 2622 1356 ultra

711 1410 796 1474 70
839 1409 1192 1493 perfectum
1234 1408 1621 1492 traheretur,
1668 1412 1734 1472 et
1777 1408 1844 1472 in
1892 1431 2078 1473 versu
2122 1408 2415 1472 faciendo

842 1545 1031 1607 saepe
1076 1526 1271 1607 caput
1315 1523 1627 1608 scaberet,
1674 1524 1852 1588 vivos
1899 1527 1964 1587 et
2007 1523 2263 1588 roderet
2306 1543 2570 1607 ungues.

842 1661 1030 1722 saepe
1077 1638 1298 1702 stilum
1341 1641 1580 1723 vertas,
1624 1639 1859 1703 iterum
1906 1659 2067 1723 quae
2115 1638 2312 1724 digna
2356 1637 2486 1722 legi
2532 1635 2666 1700 sint

840 1754 1192 1838 scripturus
1200 1803 1218 1841 ,
1262 1774 1469 1838 neque
1514 1758 1582 1818 te
1626 1757 1700 1817 ut
1744 1753 2011 1818 miretur
2053 1754 2246 1817 turba
2288 1752 2568 1835 laboreS,

842 1842 1204 1934 contentuss
1226 1869 1446 1952 paucis
1492 1868 1855 1934 lectoribus
1946 1891 2030 1932 an
2075 1871 2189 1932 tua
2235 1869 2492 1932 demens

713 1986 797 2050 75
843 1984 1075 2079 vilibus
1120 1984 1191 2048 in
1195 1984 1402 2077 ,ludis
1450 1984 1675 2050 dictari
1722 1983 2006 2050 carmina
2050 1983 2280 2049 malis?

838 2121 972 2165 non
1018 2120 1166 2183 ego:
1210 2121 1365 2193 nam
1403 2098 1561 2164 satis
1600 2102 1701 2163 est
1737 2098 2016 2183 equitem
2052 2098 2213 2162 mihi
2246 2098 2567 2182 plaudere,
2615 2102 2685 2162 ut
2720 2097 2920 2177 audax,

840 2214 1223 2297 contemptis
1272 2213 1442 2299 aliis,
1473 2210 1750 2298 ‘explosa
1796 2213 2156 2278 Arbuscula
2202 2213 2376 2278 dixit.

841 2353 990 2395 men
1035 2328 1290 2394 moveat
1334 2330 1539 2394 cimex
1582 2328 1928 2413 Pantilius,
1975 2333 2087 2393 aut
2131 2329 2367 2393 cruciet
2414 2329 2584 2414 quod

838 2445 1091 2509 vellicet
1135 2445 1468 2509 absentem
1515 2443 1908 2528 Demetrius,
1954 2448 2067 2509 aut
2112 2444 2283 2530 quod
2326 2444 2583 2527 ineptus

708 2562 795 2626 80
840 2561 1126 2625 Fannius
1172 2560 1602 2645 Hermogenis
1649 2560 1863 2625 laedat
1908 2560 2176 2625 conviva
2220 2559 2495 2645 Tigelli?

838 2675 1086 2740 Plotius
1131 2680 1197 2741 et
1242 2675 1506 2759 Varius,
1550 2675 1890 2740 Maecenas
1936 2675 2415 2760 Vergiliusque,

838 2791 1108 2876 Valgius
1156 2794 1222 2855 et
1264 2792 1495 2874 probet
1536 2792 1698 2856 haec
1743 2790 2044 2856 Octavius
2092 2791 2373 2875 optimus
2420 2794 2610 2876 atque

840 2906 1082 2971 Fuscus
1130 2910 1196 2971 et
1238 2907 1397 2971 haec
1442 2907 1692 2971 utinam
1738 2905 2077 2972 Viscorum
2122 2907 2341 2973 laudet
2384 2907 2673 2991 uterque!
2772 2895 2783 2902 ’

833 3020 1191 3087 ambitione
1236 3024 1521 3108 relegata
1563 3026 1628 3086 te
1677 3022 1883 3088 dicere
1927 3043 2219 3107 possum,

708 3138 794 3203 85
837 3135 1049 3224 Polio,
1093 3141 1185 3222 te,
1229 3137 1557 3224 Messalla,
1600 3142 1715 3204 tuo
1761 3159 1906 3203 cum
1950 3138 2175 3223 fratre,
2221 3137 2538 3225 simulque

838 3275 979 3339 vos,
1024 3251 1253 3319 Bibule
1300 3258 1366 3319 et
1412 3252 1620 3339 Servi,
1667 3253 1858 3319 simul
1901 3253 2003 3318 his
2048 3258 2141 3339 te,
2187 3253 2453 3319 candide
2497 3252 2717 3336 Furni,

838 3370 1173 3455 conplures
1221 3369 1410 3453 alios,
1456 3368 1678 3438 doctos
1724 3390 1844 3455 ego
1892 3392 2051 3455 quos
2099 3374 2164 3434 et
2209 3368 2447 3435 amicos

838 3481 1117 3570 prudens
1160 3489 1521 3571 praetereo,
1569 3485 1801 3571 quibus
1846 3484 2032 3567 haec,
2077 3489 2231 3550 sunt
2274 3485 2776 3571 qualiacumque,

840 3597 1113 3665 arridere
1159 3601 1378 3685 velim,
1424 3600 1766 3685 doliturus,
1813 3600 1869 3665 si
1913 3601 2209 3684 placeant
2234 3623 2367 3686 spe

706 3713 794 3780 90
839 3711 1114 3780 deterius
1159 3721 1398 3782 nostra.
1489 3715 1804 3800 Demetri,
1850 3719 2067 3801 teque,
2112 3716 2370 3804 Tigelli,

840 3829 1293 3914 discipularum
1338 3832 1507 3896 inter
1549 3831 1741 3897 iubeo
1787 3832 2039 3915 plorare
2085 3832 2437 3898 cathedras.

839 3945 888 4031 i,
932 3966 1116 4029 puer,
1163 3949 1355 4032 atque
1400 3968 1543 4013 meo
1590 3948 1755 4013 citus
1802 3946 1961 4013 haec
2007 3947 2335 4013 subscribe
2381 3947 2615 4013 libello.

1624 4085 1748 4154 XX
1794 4087 1974 4176 [175]

923 4174 1008 4242 ib.
1051 4173 1136 4262 H,
1185 4179 1251 4243 1:

836 4295 1012 4357 ‘sunt
1059 4292 1290 4378 quibus
1335 4292 1403 4357 in
1450 4294 1650 4358 satira
1692 4294 1912 4359 videor
1955 4294 2149 4360 nimis
2196 4317 2341 4360 acer
2384 4300 2451 4361 et
2494 4298 2663 4363 ultra

836 4409 1044 4492 legem
1086 4408 1347 4473 tendere
1392 4432 1584 4495 opus3
1633 4410 1771 4474 sine
1816 4411 2029 4476 nervis
2078 4412 2279 4477 altera
2326 4412 2636 4498 quidquid
