3267 5075
788 352 1313 424 QUAESTIONUM
1350 359 1913 422 LUCILIANARUM
1949 361 2181 414 LIBER.
2442 370 2638 428 XXXI

519 526 758 602 Scripta
784 527 861 584 ad
887 527 1367 603 interpretandas
1392 528 1608 587 Lucilii
1633 529 2023 605 reliquiarum
2053 532 2252 604 partes
2282 530 2644 606 pertinentia

329 634 444 693 ubi
475 654 625 710 opus
654 633 961 693 videretur
991 636 1319 694 memoravi
1346 636 1409 693 in
1438 637 1878 696 commentaria

519 742 682 799 Duas
729 741 1171 814 emendationes
1225 760 1444 817 easque
1485 742 1728 801 minime
1781 744 2158 818 spernendae,
2207 762 2356 818 quas
2402 743 2644 817 quidem

334 849 462 907 iam
490 868 642 907 anno
679 850 847 907 1869
878 867 986 922 per
1012 849 1245 906 litteras
1285 850 1749 908 communicarat
1775 850 2084 909 nobiscum
2113 850 2338 912 Halmii
2366 850 2641 922 amicitia,

334 956 669 1031 praebuere
708 954 878 1014 nobis
908 955 1141 1015 Nicolai
1169 955 1456 1030 Madvigii
1494 957 1839 1016 adversaria
1876 960 2014 1016 ante
2052 976 2271 1031 paucos
2309 976 2543 1014 menses
2581 957 2643 1013 in

335 1063 647 1138 publicum
676 1062 861 1137 edita3
902 1062 1061 1137 quod
1090 1083 1159 1122 eo
1188 1063 1451 1138 gratiore
1491 1064 1688 1122 animo
1719 1064 2017 1138 profiteor,
2052 1083 2168 1138 quo
2195 1064 2480 1121 maiorem
2507 1082 2643 1137 poe-

334 1163 541 1228 tarum
571 1168 925 1246 Latinorum
961 1170 1322 1244 imperitiam
1357 1170 1540 1228 etiam
1569 1170 1678 1228 hoc
1707 1170 2097 1234 novissimum
2124 1170 2239 1230 viri
2276 1170 2646 1229 celeberrimi

336 1278 608 1335 declarat
634 1295 801 1369 opus

519 1384 842 1442 Praeterea
859 1384 1126 1459 plerique
1151 1385 1491 1459 aequalium
1520 1384 1859 1443 criticorum
1885 1384 2139 1442 subinde
2170 1384 2472 1443 occasione
2503 1383 2644 1441 data

335 1495 675 1550 tractavere
714 1490 1051 1558 Lucilium„
1097 1492 1170 1549 de
1209 1494 1301 1550 tot
1337 1493 1600 1551 virorum
1640 1511 1713 1549 ex
1748 1494 1918 1565 parte
1959 1510 2100 1549 sane
2130 1510 2309 1566 quam
2338 1493 2644 1565 praestan-

336 1600 495 1657 tium
542 1598 699 1655 curis
747 1598 989 1672 plenum
1036 1594 1300 1671 proferre
1348 1599 1631 1656 iudicium
1680 1617 1814 1656 cum
1856 1599 1935 1656 sit
1970 1599 2266 1656 lubricum
2302 1598 2657 1672 multaequev

337 1707 525 1778 aleae,
565 1706 652 1763 ita
687 1705 869 1764 velim
904 1724 1257 1780 persuasum
1295 1707 1516 1764 habeat
1551 1706 1804 1780 quisque
1844 1706 2038 1764 animo
2078 1725 2201 1777 suo,
2251 1724 2367 1779 quo
2408 1704 2643 1777 saepius

338 1814 474 1871 eius
519 1814 855 1871 commenta
891 1830 927 1869 a
963 1812 1133 1870 nobis
1171 1816 1589 1884 memorentur,
1637 1831 1705 1870 eo
1744 1812 1934 1887 magis
1974 1811 2214 1886 probari
2257 1811 2444 1870 nobis.
2503 1830 2644 1869 sane

338 1921 467 1979 fato
498 1920 815 1994 nescioquo
845 1918 1074 1991 accidit,
1114 1921 1184 1977 ut
1212 1919 1562 1977 coniecturis
1592 1918 1857 1977 Lucilius
1897 1919 1972 1976 ab
2002 1917 2247 1993 antiqua
2279 1918 2415 1975 inde
2445 1920 2643 1975 aetate

339 2029 700 2086 obrueretur
728 2028 821 2085 tot
848 2028 996 2100 quot
1022 2026 1183 2083 haud
1213 2025 1385 2083 facile
1414 2027 1569 2083 alter
1596 2029 1828 2102 auctor3
1864 2045 2117 2101 quarum
2145 2025 2322 2100 longe
2350 2024 2641 2099 plurimae

339 2138 448 2193 aut
477 2153 513 2191 a
542 2133 659 2191 fide
688 2132 847 2191 omni
877 2132 1214 2191 traditionis
1244 2132 1410 2190 fuere
1439 2133 1668 2191 alienae
1699 2135 1804 2190 aut
1842 2152 2019 2191 8011811
2058 2150 2259 2190 cassae
2299 2134 2405 2189 aut
2441 2132 2644 2190 metri-

340 2260 444 2299 cae
475 2240 794 2299 dictionive
814 2239 1066 2298 Latinae
1097 2241 1158 2297 et
1184 2239 1436 2296 maxime
1458 2242 1733 2299 vetustae
1753 2239 2100 2297 contrariae.
2148 2239 2412 2297 omnium
2440 2242 2642 2296 autem

339 2347 760 2422 turpissimum
797 2347 962 2418 illud,
1003 2346 1161 2421 quod
1198 2346 1466 2422 plerique
1504 2347 1601 2405 vel
1638 2349 1775 2421 post
1809 2346 2030 2404 librum
2069 2349 2357 2418 nostrum,
2401 2365 2519 2420 quo
2547 2364 2644 2404 ve-

340 2454 503 2514 riora
530 2453 603 2512 de
633 2452 850 2511 Lucilii
877 2472 1267 2543 numerorum
1291 2454 1419 2510 arte
1448 2455 1727 2527 poterant
1769 2453 1979 2541 doceri,
2022 2452 2394 2511 foedissimos
2432 2471 2641 2512 versus

341 2582 409 2620 ac
450 2562 578 2620 solo
608 2561 771 2619 Mida
808 2563 1050 2619 auctore
1088 2561 1298 2637 dignos
1339 2560 1701 2619 confidenter
1738 2561 2002 2619 tribuere
2031 2560 2276 2618 Lucilio
2341 2561 2545 2635 itaque
2581 2560 2643 2617 in

344 2669 454 2727 tali
482 2688 687 2726 rerum
725 2670 887 2725 statu
921 2667 1022 2724 diu
1060 2668 1363 2725 meditatis
1392 2667 1562 2726 nobis
1600 2668 1855 2725 maxime
1886 2668 2078 2727 visum
2108 2671 2146 2724 e‘
2168 2687 2234 2724 re
2261 2686 2545 2741 perversa
2572 2668 2646 2725 de

345 2775 563 2833 Lucilii
603 2774 822 2833 saturis
860 2774 1077 2831 iudicia
1105 2775 1344 2832 exclusa
1372 2775 1697 2849 asperitate
1737 2775 2054 2834 verborum
2083 2774 2319 2832 silentio
2348 2793 2643 2848 premere:

343 2901 525 2957 quam
563 2900 700 2939 raro
739 2881 1058 2940 admodum
1094 2882 1416 2957 migratam
1445 2882 1614 2940 nobis
1654 2883 1917 2941 invenies
1951 2882 2240 2956 regulam.
2297 2880 2499 2954 itaque
2527 2900 2645 2939 non

340 2990 492 3046 talia
517 2992 771 3061 tantum,
801 2989 1079 3064 qualibus
1104 2988 1443 3062 nuperrime
1477 2986 1653 3062 [111118.
1675 2988 1860 3059 Rhen.
1881 2987 2123 3060 XXVII,
2152 2984 2303 3061 180]
2335 2987 2642 3045 Bentleius

252 3102 259 3106 ’
342 3095 746 3154 Holsatiensis
785 3095 1000 3156 ditavit
1026 3095 1338 3167 Lucilium,
1381 3094 1484 3152 sed
1513 3096 1810 3170 potiorum
1847 3097 2024 3170 longe
2054 3094 2376 3153 Ribbeckio
2419 3094 2645 3152 critico-

341 3223 480 3259 rum
520 3204 584 3260 et
618 3201 767 3261 adeo
794 3202 1031 3260 Dousae
1070 3206 1130 3260 et
1160 3201 1447 3277 Scaligeri
1475 3205 1810 3260 commenta
1838 3203 2121 3276 pleraque
2159 3201 2347 3260 celavi
2373 3200 2641 3273 lectoreS,

341 3310 705 3384 ubicumque
743 3309 940 3368 animo
978 3329 1110 3368 meo
1153 3312 1314 3371 esset
1349 3328 1703 3383 persuasum
1732 3308 1999 3367 homines
2031 3307 2352 3381 prudentes
2384 3307 2645 3365 eosdem-

340 3436 459 3491 que
487 3435 731 3476 veraces
759 3416 920 3491 ipsos
948 3416 1069 3473 iam
1097 3418 1526 3475 retractaturos
1556 3417 1801 3475 inventa
1830 3434 1954 3474 sua.

522 3522 615 3606 De
631 3523 761 3582 vita
778 3525 842 3581 et
860 3523 1096 3601 scriptis
1117 3522 1332 3580 Lucilii
1352 3523 1478 3597 egit
1506 3522 1550 3579 C
1563 3522 1804 3582 arolus
1825 3522 1977 3579 Heu
1990 3521 2186 3579 sdius
2215 3521 2454 3596 proprio
2474 3520 2642 3593 libro,

343 3631 437 3688 cui
466 3629 824 3705 inscriptum
864 3628 877 3655 ⁴
890 3630 1088 3688 studia
1106 3629 1310 3688 critica
1342 3629 1405 3686 in
1425 3627 1486 3688 O.
1506 3629 1803 3688 Lucilium
1824 3631 2063 3703 poetam
2076 3627 2107 3686 '.
2154 3627 2205 3685 is
2227 3626 2486 3685 Traiecti
2505 3629 2645 3685 ante

344 3756 531 3796 annos
561 3735 816 3811 triginta
843 3736 1038 3794 editus
1068 3739 1139 3794 ut
1164 3736 1465 3814 hominem
1492 3736 1654 3794 haud
1680 3737 1984 3794 indoctum
2012 3753 2205 3809 neque
2232 3734 2646 3809 indiligentem

345 3844 433 3902 ita
461 3861 641 3919 saepe
669 3842 871 3901 iudicii
897 3842 1073 3902 nimis
1102 3842 1335 3901 hebetis
1365 3861 1432 3901 ac
1460 3842 1730 3918 perversi
1757 3841 2035 3900 declarat.
2083 3859 2275 3916 neque
2295 3842 2484 3900 multo
2506 3843 2647 3899 sunt

344 3951 597 4009 meliora
623 3968 781 4025 quae
813 3949 1135 4008 mantissae
1171 3950 1363 4008 instar
1391 3949 1729 4008 adiciuntur
1756 3948 1819 4006 in
1856 3949 2109 4024 epistola
2137 3966 2188 4005 a.
2225 3948 2394 4006 1844
2433 3946 2509 4005 ad
2539 3944 2646 4004 Ca-

344 4057 544 4116 rolum
572 4055 942 4115 Fridericum
969 4054 1381 4115 Hermannum
1419 4055 1576 4113 data.
1642 4056 1718 4115 ad
1747 4055 1996 4114 eandem
2032 4073 2161 4115 rem
2189 4052 2550 4130 pertinentia
2576 4071 2644 4110 ac

345 4163 593 4221 minime
620 4162 860 4222 inutilia
880 4164 948 4221 111
976 4163 1410 4245 prolegomenis
1442 4162 1715 4221 editionis
1744 4162 1959 4220 Lucilii
1987 4160 2326 4219 Turicensis
2354 4160 2646 4235 prostant.

345 4271 454 4330 sed
482 4270 667 4347 digna
696 4288 836 4328 sane
865 4273 994 4330 tota
1021 4271 1272 4329 materia
1299 4287 1450 4345 quae
1479 4269 1648 4329 novis
1675 4271 2036 4327 retractetur
2063 4268 2236 4327 curis.

529 4375 810 4436 Ceterum
829 4377 892 4435 in
911 4378 1021 4438 hac
1047 4376 1389 4437 recensione
1417 4375 1761 4436 adornanda
1788 4376 1997 4451 quanti
2026 4376 2249 4433 fuerint
2276 4372 2445 4433 nobis
2471 4373 2649 4433 susti-
