3267 5075
711 299 844 363 214
1625 298 1846 353 LIBER
1881 299 1947 354 V.
1988 299 2078 353 VI.
2168 342 2173 353 .

882 466 981 524 31.
1057 470 1336 524 cecinisse
1382 473 1442 521 ut
1484 482 1650 539 supra
1696 467 1981 522 memoravi
2028 465 2422 539 Franckenins‚
2486 475 2545 523 ut
2590 483 2770 522 sermo
2809 467 2877 522 sit
2911 464 2966 521 de

711 562 894 608 vetere
938 552 1120 625 aliquo
1176 550 1416 607 oraculo.
1519 548 1675 606 nohis
1720 551 1902 623 potius
1957 550 2024 607 (le
2081 552 2435 607 comissatore
2491 550 2673 625 aliquo
2730 567 2851 611 sene
2888 549 2967 606 sed

709 635 903 693 eodem
949 644 1146 710 vegeto
1192 652 1255 691 ac
1297 636 1491 705 vivaci,
1548 635 1642 707 qui
1685 636 1969 690 nocturnis
2027 636 2156 691 rixis
2212 635 2505 709 implicitus
2562 644 2708 693 esset
2750 634 2969 691 videntur

709 722 846 777 haec
886 721 1044 777 dicta.
1092 750 1169 760 —-
1215 735 1353 776 senc
1390 720 1638 776 Tiresian·
1678 719 1856 776 dativo
1890 736 2081 793 nempe
2125 736 2252 775 casu
2284 722 2473 793 reponi
2518 719 2667 777 iubet
2698 720 2968 788 Merceru83

712 805 808 861 sed
854 807 1036 880 potius
1091 821 1211 861 cum
1256 804 1587 860 Franckenio
1632 812 1749 861 erat
1800 804 2119 861 faciendum.
2176 835 2260 846 —
2324 806 2575 877 Tire-siai
2618 814 2678 861 ut
2719 804 2968 862 Lucretius

714 893 1027 962 Geryonai.
1465 914 1472 921 ·

883 976 1008 1033 32.-
1051 991 1237 1046 porro
1274 976 1611 1045 prodenda,·
1661 975 1735 1029 ita
1781 977 1949 1031 trado
1985 991 2171 1046 porro
2215 973 2252 1032 l.
2299 974 2469 1030 xxvi.

886 1059 985 1117 34.
1056 1065 1332 1132 praetor,-
1379 1058 1518 1115 idem
1567 1058 1799 1114 fortasse
1845 1059 1937 1131 qui
1982 1060 2375 1133 perstringitur
2418 1059 2455 1116 Ι.
2506 1059 2589 1114 Vll
2638 1069 2691 1115 et
2732 1058 2811 1115 Xl.

798 1145 806 1157 '
886 1144 984 1201 35.
1058 1143 1284 1198 Laevius
1325 1145 1418 1201 ille
1464 1142 1585 1215 quis
1631 1142 1800 1199 suerit
1841 1143 2000 1216 plane
2045 1144 2330 1199 incertum.
2408 1143 2571 1199 modo
2618 1160 2686 1201 ue
2725 1143 2791 1199 de
2832 1149 2967 1217 pocta

715 1229 991 1302 cogitaris.
1080 1227 1211 1284 nihil
1260 1228 1391 1285 haec
1434 1227 1496 1282 ad
1544 1228 1600 1283 C.
1633 1226 1870 1283 Laelium
1915 1227 2245 1301 Sapientem,
2291 1244 2451 1301 quem
2497 1245 2780 1302 pauperem
2823 1227 2970 1283 fuisse

715 1330 825 1369 non
872 1312 1119 1387 traditur.
1195 1320 1249 1367 et
1280 1311 1591 1387 sequendus
1637 1321 1751 1367 erat
1796 1310 1931 1367 liber
1962 1312 2232 1385 optimus3
2279 1329 2399 1369 nam
2433 1313 2608 1368 Laevii
2640 1330 2827 1369 nomeu
2854 1327 2970 1385 quo·

717 1399 855 1452 tiens
901 1397 1065 1452 suerit
1107 1406 1423 1470 corruptum
1471 1393 1649 1471 (etiam
1692 1397 1747 1451 in
1792 1395 1954 1452 Laelii
2002 1404 2061 1451 ut
2106 1393 2294 1471 abiret)
2342 1412 2517 1470 nuper
2560 1399 2872 1457 monuimus.

885 1480 983 1539 36.
1033 1481 1163 1537 illud
1195 1500 1309 1538 non
1343 1485 1530 1539 omnia
1556 1497 1863 1552 possumus
1885 1497 2080 1538 omnes
2106 1481 2206 1537 nisi
2238 1483 2315 1538 eis
2348 1498 2486 1555 quae
2516 1482 2645 1538 olim
2675 1482 2817 1539 suere
2840 1496 2970 1556 prae·

717 1566 875 1622 missa
931 1564 1090 1622 habet
1145 1583 1255 1639 quo
1310 1566 1610 1640 explicetur
1655 1564 1942 1622 absurdum
1987 1582 2107 1636 esse
2163 1576 2406 1640 apparet.
2493 1568 2664 1640 igitur
2707 1567 2875 1624 nescio
2914 1581 2968 1619 an

714 1650 1085 1725 reponendum
1129 1653 1202 1707 sit
1245 1650 1378 1707 illud
1425 1658 1591 1714 crem
1633 1651 1795 1706 sicuti
1838 1650 2040 1724 legitur
2083 1668 2168 1723 ap.
2215 1650 2507 1707 Martialem
2556 1651 2706 1723 Vtut,
2751 1651 2850 1709 22:

971 1761 1340 1818 Artemidorus
1387 1760 1546 1818 hahet
1588 1778 1852 1835 puerum,
1897 1761 1990 1817 sed
2040 1760 2278 1817 vendidit
2321 1778 2530 1836 agrum.

1054 1862 1243 1921 agrum
1290 1863 1389 1921 pro
1435 1863 1606 1921 puero
1652 1846 1986 1902 Calliodorus
2031 1845 2213 1902 habet.

970 1931 1082 2002 dic,
1135 1939 1257 1986 uter
1299 1949 1362 1987 ex
1409 1931 1526 1986 istis
1570 1931 1762 1987 melius
1808 1947 1919 1986 rem
1966 1932 2233 2006 gesserit,
2281 1933 2488 1987 Aucte?

1053 2016 1426 2072 Artemidorus
1472 2023 1645 2087 amat,
1690 2014 2025 2071 Calliodorus
2071 2023 2204 2071 arat.

718 2127 915 2183 Phaed.
961 2127 1069 2198 lut,
1100 2127 1161 2198 5,
1195 2127 1231 2184 3
1255 2145 1379 2201 sqq.

970 2237 1184 2312 quidam
1228 2238 1494 2295 decedens
1538 2247 1652 2294 tres
1697 2238 1919 2310 reliquit
1964 2236 2098 2292 filias

973 2339 1129 2378 unam
1177 2322 1468 2380 formosam
1513 2331 1567 2379 et
1611 2322 1784 2378 oculis
1829 2331 2108 2379 venantem
2154 2324 2331 2395 viros,

972 2415 1025 2462 at
1069 2407 1290 2463 alteram
1334 2406 1594 2463 lanificam
1641 2415 1695 2463 et
1739 2406 1919 2481 frugi,
1963 2407 2248 2499 rusticam3

971 2490 1215 2549 devotam
1262 2491 1386 2549 vino
1431 2492 1646 2549 tertiam
1691 2500 1746 2549 et
1791 2493 2170 2566 turpissimam.

717 2622 838 2660 nam
883 2605 1090 2660 diversa
1135 2606 1410 2661 hominum
1455 2604 1634 2660 s'tudia
1679 2620 1706 2659 a
1751 2603 1956 2660 Lucilio
2001 2605 2150 2678 tangi
2193 2605 2558 2678 perspicuum.

887 2688 987 2746 37.
1060 2708 1155 2747 mu
1195 2690 1437 2763 facere5
1480 2688 1550 2748 cf.
1584 2706 1722 2762 quae
1766 2689 1908 2745 dicta
1951 2696 2079 2744 sunt
2122 2688 2199 2745 ad.
2231 2690 2453 2745 secundi
2497 2690 2535 2747 l.
2581 2691 2670 2747 illa
2714 2710 2819 2748 non
2856 2693 2960 2747 lau·

716 2778 863 2832 dare
904 2776 1183 2834 hominem
1227 2791 1567 2848 quemquam
1611 2790 1798 2847 neque
1840 2792 1935 2830 mu
1973 2774 2183 2846 facere
2227 2778 2284 2830 in
2329 2789 2515 2847 quem.

890 2859 982 2931 Vl,
1029 2859 1086 2915 2.
1154 2860 1326 2932 facul
1369 2859 1551 2914 dixere
1595 2858 1855 2914 Pacuvius
1908 2859 1965 2914 in
2011 2859 2218 2915 Teucro
2263 2867 2319 2914 et
2362 2860 2543 2915 Attius
2597 2862 2652 2917 in
2694 2860 2961 2934 Meleagro3

717 2943 886 2999 Varro
930 2945 987 3000 in
1031 2944 1271 3000 Bimarco
1315 2944 1561 3017 difficul.
1651 2942 1747 2999 sed
1790 2943 1959 2999 irrisit
2001 2944 2056 2999 in
2101 2943 2330 2999 Pacuvio
2376 2941 2654 3001 Afranius:

973 3062 1111 3118 haud
1159 3062 1325 3132 facul,
1377 3071 1436 3119 ut
1479 3064 1552 3118 ait
1596 3063 1892 3134 Pacuvius,
1937 3062 2131 3119 femina
2158 3080 2282 3118 ‘una
2327 3065 2630 3121 invenietur
2672 3065 2824 3122 bona:

718 3184 792 3239 ita
838 3190 893 3238 et
936 3181 1173 3257 perfacul
1220 3181 1400 3238 dixere
1434 3190 1665 3239 veteres,
1710 3215 1794 3224 —-
1839 3191 2078 3240 ceterum
2123 3191 2307 3258 aperte
2353 3186 2689 3258 optimatium
2731 3186 2809 3242 sui
2849 3191 2962 3240 tem·

715 3269 866 3342 poris
911 3266 1214 3342 superbiam
1261 3269 1436 3341 tangit
1478 3267 1745 3339 LuciliuS,
1800 3267 1868 3323 de
1913 3284 2017 3341 qua
2072 3268 2255 3324 multis
2301 3269 2494 3326 Marius
2550 3272 2785 3327 oratione
2825 3284 2961 3344 quam

718 3351 882 3408 habes
926 3369 1011 3426 ap.
1061 3352 1282 3412 Sallust.
1327 3351 1452 3408 bell.
1497 3352 1615 3426 lug]
1664 3369 1782 3426 cap.
1829 3352 1932 3410 85.

887 3435 945 3495 5.
1018 3430 1259 3496 hortare
1287 3438 1325 3497 i.
1359 3453 1407 3493 e.
1439 3438 1716 3495 hortari&
1762 3468 1846 3477 ——
1890 3439 2123 3513 cogitavi
2155 3439 2444 3512 aliquando
2488 3440 2817 3499 scribendum
2844 3435 2954 3495 hor-

718 3526 886 3589 tarei,
937 3529 996 3577 ut
1036 3532 1188 3580 esset
1230 3520 1381 3580 infin.
1415 3522 1726 3578 historicuS.
1779 3552 1852 3563 —
1900 3527 2059 3594 copis
2101 3524 2134 3579 i.
2169 3540 2217 3580 e.
2252 3541 2501 3598 composa
2551 3556 2628 3566 —
2671 3527 2837 3599 potiri
2857 3537 2956 3579 cum

718 3607 970 3680 genetivo
1017 3614 1080 3663 ut
1122 3607 1245 3662 alibi
1289 3623 1394 3664 nec
1428 3608 1630 3679 plebes
1667 3606 1830 3679 pani’
1868 3611 2106 3680 politur.

890 3690 945 3747 6.
1022 3695 1365 3764 quaesticuli
1405 3696 1481 3749 sti
1519 3696 1719 3756 intuti;
1761 3693 1836 3747 ita
1867 3691 1904 3748 l.
1935 3692 2090 3748 XXV!
2121 3696 2366 3767 denique
2412 3698 2556 3752 adeo
2593 3698 2736 3752 male
2765 3709 2843 3751 me
2878 3706 2955 3747 cc-

717 3777 937 3847 cipiunt
978 3777 1233 3832 decimae
1278 3782 1333 3831 et
1370 3780 1720 3849 proveniunt
1763 3779 1931 3834 male.
1977 3808 2062 3818 -—
2105 3782 2182 3835 sti
2221 3796 2321 3856 pro
2365 3784 2479 3837 isli.

891 3859 946 3915 7.
1022 3878 1058 3915 α
1105 3860 1489 3925 Deucalione;
1533 3864 1627 3937 qui
1669 3861 2004 3942 Deucalionis
2048 3870 2276 3920 aetatem
2321 3874 2584 3938 aequant;
2630 3866 2739 3922 Cat.
2780 3864 2869 3934 10,
2896 3858 2958 3917 22

713 3945 976 4017 fractum
1022 3949 1121 4019 qui
1165 3948 1373 4001 veteris
1413 3949 1613 4019 pedem
1657 3949 1893 4022 yrabcei
1933 3951 1993 4004 in
2038 3951 2182 4005 collo
2214 3950 2324 4005 sibi
2351 3951 2643 4007 collocare
2667 3955 2868 4024 posset.
2894 3972 2961 3987 --

719 4029 951 4087 restibu’
978 4033 1147 4088 tenti.-
1177 4031 1247 4085 ita
1272 4028 1465 4087 infral.
1480 4031 1611 4088 XXX
1638 4036 1824 4089 clines
1850 4037 2164 4090 consternit
2187 4035 2346 4090 nobis
2370 4033 2516 4091 vetu'
2539 4036 2781 4093 restibus
2802 4038 2961 4106 aplos

889 4115 946 4172 8.
1021 4114 1155 4172 illud
1201 4113 1347 4187 quod
1391 4115 1446 4170 iu
1490 4117 1705 4190 scriptis
1738 4116 1966 4173 habetur
1995 4121 2303 4191 amfitapoe
2337 4120 2449 4175 sive
2480 4119 2778 4204 amfytape
2817 4115 2964 4174 labem

721 4201 881 4254 traxit
924 4200 1202 4298 sequentis
1249 4198 1489 4256 vocabuli
1534 4199 1714 4256 littera
1758 4202 1976 4271 initiali;
2028 4201 2223 4276 quihus
2267 4205 2626 4260 nominativus
2671 4181 2832 4279 magis
2872 4199 2965 4277 pla·

719 4284 914 4355 cuerit,
945 4286 1022 4340 eis
1054 4301 1175 4341 cum
1206 4284 1382 4341 Dousa
1412 4284 1756 4353 scribendum
1788 4287 1890 4343 erit
1912 4289 2167 4360 plumae,
2204 4295 2479 4363 praeterea
2511 4291 2857 4362 amphitapei
2877 4285 2968 4342 sive

211 4741 1777 4997 1⁴5AE
