3267 5075
668 322 794 386 124
1517 271 1521 275 ⁴
1591 324 1812 378 LIBER
1846 324 2016 378 XXX.

1555 486 1828 552 XLVIII
1875 485 1968 573 [6]
2001 511 2040 551 a

839 602 1018 666 cuius
1063 603 1242 668 voltu
1288 626 1361 668 ac
1407 604 1568 668 facie
1612 603 1763 667 ludo
1813 626 1886 667 ac
1933 600 2316 667 sermonibu'
2362 602 2600 666 nostris

838 718 1118 802 verginis
1164 719 1286 783 hoc
1331 719 1608 802 pretium
1656 722 1846 804 atque
1891 720 2064 784 hunc
2109 718 2532 783 reddebamus
2579 718 2886 782 honorem.
2974 700 2989 719 ⁸

1567 833 1776 897 XLIX
1824 832 1960 921 [75]
1990 835 2032 897 b

840 949 1211 1032 euplocamo
1258 949 1477 1034 digitis
1523 949 2136 1033 discerniculumque
2183 949 2432 1033 capillo,

1661 1063 1714 1128 L
1761 1066 1901 1145 [72]
1932 1088 1966 1129 c

839 1180 1115 1243 iuratam
1164 1201 1230 1243 se
1276 1180 1415 1262 11111,
1462 1180 1563 1244 6111
1610 1181 1696 1243 sit
1740 1180 1893 1244 data
1937 1181 2137 1265 deque
2183 1180 2410 1244 dicata.

1634 1293 1722 1358 LI
1767 1296 1906 1375 [10]
1938 1296 1978 1359 d
2168 1282 2176 1290 ‘

601 1476 606 1481 ,
709 1410 795 1474 60
839 1459 1246 1481 ,,,,,,,
1297 1432 1380 1473 311
1427 1432 1658 1494 equam
1703 1413 1767 1474 te
1815 1432 2025 1475 acrem
2072 1414 2262 1495 atque
2308 1409 2666 1473 animosam

840 1524 1216 1623 Thessalam
1262 1528 1326 1589 et
1370 1522 1752 1590 indomitam
1797 1527 1996 1590 frenis
2055 1526 2475 1610 subigamque
2523 1522 2923 1608 domemque‘?

1636 1640 1755 1705 LII
1802 1638 1893 1728 [7]
1926 1664 1960 1705 e

841 1758 994 1819 tune
1040 1756 1191 1841 iugo
1238 1757 1468 1841 iungas
1517 1779 1618 1820 me
1668 1760 1814 1841 apte
1861 1760 1924 1821 et
1970 1756 2301 1822 succedere
2348 1759 2562 1821 aratro

841 1872 1110 1937 invitam
1157 1874 1220 1935 et
1266 1872 1486 1957 glebas
1535 1873 1797 1958 subigas
1844 1873 2250 1956 proscindere
2295 1871 2510 1936 feri-o?

1609 1987 1762 2055 Lm
1807 1989 1946 2069 [77]
1976 1988 2009 2051 f

845 2105 951 2168 sed
1001 2103 1152 2189 quid
1200 2125 1318 2189 ego
1365 2104 1523 2168 haec
1570 2104 1786 2168 animo
1833 2104 2216 2187 trepidantei
2260 2104 2431 2169 dicta
2475 2103 2830 2188 profundo?

667 2343 964 2395 Sallustius
999 2370 1064 2378 —
1101 2343 1408 2393 Lucilius
1444 2343 1537 2395 lib.
1568 2343 1740 2393 XXX.
1845 2344 2083 2394 XLVIII
2138 2344 2278 2394 Non.
2316 2347 2432 2406 320,
2457 2347 2520 2393 21
2558 2344 2762 2394 1161161·
2797 2357 2929 2408 prae-

665 2414 843 2462 mium.
918 2411 1195 2475 Vergilius
1232 2439 1297 2446 —
1337 2411 1644 2461 Lucilius
1682 2411 1777 2460 lib.
1815 2411 1986 2461 XXX.
2027 2439 2090 2447 —
2126 2412 2267 2460 idem
2302 2413 2418 2472 366,
2454 2414 2484 2461 2
2530 2414 2812 2476 pretium
2844 2425 2928 2474 pro

666 2480 924 2545 praemio.
985 2479 1284 2530 Sallustius
1319 2505 1386 2514 —-
1420 2478 1665 2528 Naevius
1700 2506 1764 2514 —
1799 2479 2082 2530 Terentius
2119 2507 2185 2515 —
2220 2479 2497 2544 Vergilius
2539 2505 2595 2514 -
2636 2479 2928 2530 Lucilius

666 2549 758 2603 lib.
796 2548 968 2598 XXX.
1140 2548 1320 2596 XLIX
1378 2547 1517 2596 Non.
1556 2551 1641 2609 35,
1679 2550 1743 2597 29
1797 2548 2329 2598 discerniculum
2364 2563 2511 2603 acus,
2552 2565 2686 2613 quae
2721 2546 2929 2611 capillos

667 2616 946 2666 mulierum
981 2620 1105 2666 ante
1133 2616 1360 2666 frontem
1385 2615 1600 2677 dividit,
1641 2615 1786 2665 dicta
1824 2632 1856 2664 a
1879 2615 2250 2679 discernendo.
2311 2615 2622 2666 Lucilius
2656 2616 2748 2666 lib.
2775 2613 2929 2663 XXX.

769 2685 815 2733 L
872 2683 1013 2736 Non.
1051 2685 1169 2744 287,
1196 2686 1261 2733 25
1297 2684 1526 2732 dicare
1563 2683 1794 2732 tradere.
1863 2682 1938 2736 M.
1974 2683 2187 2734 Tullius
2211 2710 2275 2719 —-
2301 2683 2612 2733 Lucilius
2648 2683 2747 2734 lib.
2776 2680 2929 2730 XXX.

769 2752 844 2800 L‘I
903 2751 1036 2801 Non.
1066 2753 1182 2810 401,
1205 2754 1239 2801 4
1277 2752 1587 2814 subigere
1623 2752 1965 2812 (subicere
2003 2750 2065 2812 G,
2092 2752 2137 2799 L
2170 2755 2210 2813 1,
2246 2767 2315 2800 m.
2345 2755 2371 2799 1
2398 2749 2549 2814 Gen„
2585 2768 2692 2801 non
2717 2750 2783 2815 B)
2816 2747 2932 2799 mol-

668 2819 770 2869 lire
815 2820 905 2869 vel
951 2834 1222 2868 exercere.
1301 2818 1575 2882 Vergilius
1620 2844 1688 2854 -
1733 2818 2041 2869 Lucilius
2088 2818 2179 2869 lib.
2225 2818 2395 2868 XXX.
2442 2846 2504 2875 7-
2550 2820 2688 2868 idem
2722 2822 2840 2879 233,
2878 2819 2931 2865 13

667 2888 879 2936 anima
924 2888 1117 2936 iterum
1162 2886 1434 2950 significat
1477 2887 1797 2935 iracundum
1843 2885 1934 2936 vel
1979 2886 2244 2935 furiosum
2280 2912 2345 2920 —-
2382 2885 2613 2936 Plautus
2649 2914 2712 2922 —
2748 2886 2932 2935 Accius

669 2982 734 2989 -—
770 2953 908 3003 idem
944 2980 1007 2989 -—
1045 2953 1254 3004 Novius
1281 2982 1340 2990 —
1368 2954 1439 3003 M.
1470 2953 1684 3003 Tullius
1720 2981 1786 2989 —
1822 2953 1961 3003 idem
1999 2986 2062 2993 -
2098 2954 2371 3016 Vergilius
2407 2980 2473 2989 --
2509 2953 2808 3003 Lucilius
2847 2951 2932 3000 lib.

668 3021 823 3069 XXX
859 3026 1059 3086 atque
1098 3022 1457 3071 animosam
1492 3036 1538 3071 6.
1580 3038 1629 3085 q.
1668 3038 1711 3072 s.
1819 3022 1922 3069 LII
1983 3022 2122 3073 Non.
2158 3025 2274 3083 401,
2301 3024 2366 3070 14
2403 3022 2709 3087 subigere
2742 3033 2934 3085 cogere.

669 3089 947 3153 Vergilius
982 3115 1047 3123 —
1085 3088 1392 3138 Lucilius
1429 3089 1522 3140 lib.
1560 3089 1732 3138 XXX.
1871 3089 2003 3138 LIll
2062 3090 2200 3139 Non.
2237 3091 2355 3153 408,
2393 3092 2425 3139 6
2473 3090 2804 3153 trepidare
2841 3101 2934 3137 1116-

668 3163 835 3210 tuere.
908 3156 1182 3221 Vergilius
1218 3183 1283 3191 —-
1318 3156 1638 3207 Lucilius
1682 3156 1775 3209 lib.
1824 3156 1980 3204 XXX
2027 3154 2367 3220 (Lucilius
2411 3156 2524 3206 lib.
2568 3173 2727 3207 manu
2768 3160 2935 3221 poste-

840 3426 917 3483 56
965 3427 1116 3481 vultu
1160 3429 1379 3497 scripti.
1431 3455 1506 3465 -—
1553 3425 1694 3480 ludis
1737 3427 1875 3481 libri
1902 3424 2044 3482 366.
2134 3423 2255 3481 ‘57
2302 3426 2567 3497 verginis3
2614 3430 2694 3482 ila
2739 3427 2784 3481 L
2825 3422 2932 3481 366

672 3518 726 3567 et
771 3531 807 3567 a
849 3530 943 3582 pr.
978 3531 1049 3566 m.
1083 3511 1206 3567 320
1238 3518 1298 3567 ut
1344 3517 1398 3566 et
1444 3512 1616 3577 Germ
1664 3513 1835 3564 etiam
1876 3514 1936 3565 in
1984 3511 2029 3565 G
2062 3509 2182 3566 366
2215 3526 2245 3564 6
2275 3525 2353 3565 ea:
2384 3510 2688 3581 ifccclum5
2732 3510 2933 3584 virginis

671 3595 796 3658 320
828 3597 891 3664 G,
942 3595 1063 3651 366
1099 3596 1257 3665 Gen„
1292 3602 1405 3651 utr.
1437 3600 1477 3652 I.
1515 3595 1583 3650 B.
1629 3625 1715 3658 -,-
1759 3593 2031 3649 reddimus
2063 3596 2188 3650 cdd.
2225 3593 2366 3649 366.
2503 3592 2583 3651 58
2630 3595 2848 3668 diligitis
2875 3594 2930 3648 G.

798 3680 876 3735 59
924 3681 1038 3734 cuis
1071 3681 1135 3734 tit
1168 3681 1308 3736 Gen.
1354 3710 1438 3722 --
1484 3679 1657 3751 deque
1693 3677 1917 3748 Carrio,
1964 3678 2232 3751 adaequac
2265 3680 2391 3733 cdd.
2422 3697 2518 3749 pr.
2552 3697 2654 3735 ms.
2689 3680 2864 3735 Fabri
2885 3678 2934 3730 in

672 3782 782 3837 quo
813 3770 897 3819 est
928 3773 1107 3834 atque.
1241 3764 1322 3819 60
1366 3781 1553 3837 equam
1588 3772 1640 3818 te
1672 3780 1847 3818 acrem
1884 3764 2083 3831 Turn„
2129 3780 2234 3835 ego
2269 3772 2319 3817 te
2350 3779 2532 3818 acuam
2565 3766 2693 3820 cdd.
2746 3794 2812 3804 -
2860 3759 2937 3816 ad-

673 3864 778 3921 que
814 3849 861 3902 L
894 3848 924 3902 1
961 3846 1102 3902 401.
1235 3848 1310 3903 61
1360 3848 1685 3903 Thessaliam
1730 3849 1869 3903 libri
1897 3847 2040 3916 233,
2087 3846 2354 3902 Tessalam
2399 3849 2545 3903 idem
2576 3847 2721 3904 401.
2771 3878 2844 3886 -
2884 3852 2937 3898 ut

670 3937 881 4007 leqitur
923 3932 994 3986 ib.
1050 3961 1120 3971 —
1169 3931 1445 3987 indolitam
1490 3934 1535 3986 L
1570 3934 1602 3987 1
1637 3950 1708 3987 m.
1747 3932 1799 4002 1,
1851 3933 1985 3988 Gen.
2022 3931 2162 3987 233.
2208 3962 2295 3972 —-
2337 3930 2694 4005 subigamque
2724 3931 2935 4004 scripsi,

672 4017 1034 4091 subiguntque
1077 4017 1202 4082 cdd.
1246 4015 1390 4087 233,
1434 4019 1578 4072 idem
1620 4016 1738 4072 401
1790 4016 2033 4089 subigam
2076 4024 2217 4083 ante.
2271 4047 2352 4056 —-
2403 4014 2737 4089 domentque
2777 4016 2934 4073 tradi-

675 4111 788 4158 tum
835 4102 977 4159 233.
1113 4100 1190 4156 62
1237 4109 1358 4173 apte
1403 4100 1486 4170 M,
1531 4109 1655 4156 ante
1699 4120 1748 4157 v.
1860 4101 1938 4156 63
1987 4102 2199 4155 invitam
2234 4102 2512 4171 Guz’lelm.‚
2558 4102 2783 4157 invitum
2827 4098 2936 4156 cdd.

674 4270 756 4279 ——
801 4238 1005 4310 glebaS‚
1052 4241 1132 4292 ita
1181 4240 1247 4308 G,
1293 4238 1339 4291 L
1374 4237 1427 4290 1.
1494 4266 1563 4275 —-
1624 4197 1984 4308 proscindere
2029 4238 2075 4292 L
2110 4239 2165 4308 1,
2201 4239 2341 4293 Gen.
2476 4235 2557 4291 64
2604 4237 2766 4292 abaco
2808 4237 2851 4292 L
2893 4233 2936 4287 1.

677 4354 754 4363 --
803 4323 1157 4397 trepidantei3
1207 4321 1507 4396 trepidante
1554 4323 1701 4392 cdd„
1749 4322 2038 4396 trepidanti
2084 4341 2131 4379 v.
