3267 5075
1232 347 1451 402 LIBER
1485 349 1525 402 I.
2400 345 2521 408 197

265 511 388 567 unde
426 521 630 586 partem
677 521 824 569 certe
870 513 1128 569 librorum
1172 515 1413 588 priorum
1461 513 1651 570 ordine
1696 515 1884 569 aetatis
1938 513 2222 570 intervallo
2268 513 2407 568 haud
2453 515 2525 569 ita

264 613 436 669 magno
478 605 605 670 post
652 597 871 653 ultimos
906 598 946 652 V
991 601 1244 672 scriptam
1290 615 1410 654 esse
1455 606 1695 672 apparet.
1749 628 1818 638 —-
1869 614 1949 654 ex
1987 598 2151 670 facie
2178 592 2381 669 florem
2426 600 2521 654 de-

260 683 475 753 leyen's;
517 682 590 737 ita
635 698 796 755 saepe
836 685 1040 755 florem
1085 687 1297 739 aetatis
1339 698 1609 753 carpere.
1658 711 1742 724 ·--
1792 682 1988 754 facies
2031 682 2116 738 hic
2160 689 2221 736 ut
2264 681 2391 737 alias
2436 699 2522 755 ap.

262 763 495 820 Lucilium
526 782 627 839 pro
668 766 885 839 forma.
933 797 1015 806 —
1060 767 1336 841 Hymnidis
1384 769 1540 823 etiam
1573 767 1628 822 in
1662 765 1931 841 prioribus
1964 765 2112 821 libris
2144 765 2332 821 Lucilii
2374 783 2522 821 men-

262 850 442 905 tionem
484 850 653 906 suisse
698 850 891 906 factam
937 851 1270 907 demonstrat
1317 868 1502 907 versus
1540 850 1605 906 ab
1637 852 1844 907 incerto
1891 850 2122 923 quodam
2177 850 2521 923 explanatore

261 932 427 989 Donati
467 936 907 1007 positu8,.quem
954 937 1076 1010 quia
1122 936 1185 991 ad
1233 935 1454 992 eandem
1501 937 1739 1010 pertinet
1769 934 2002 1009 puellam
2032 936 2216 990 statim
2246 933 2519 991 subiunxi.

260 1018 434 1091 quippe
486 1020 702 1075 minime
746 1019 1000 1075 credibile
1045 1022 1448 1095 grammaticum
1499 1028 1603 1075 tam
1649 1019 1925 1075 indoctum
1972 1018 2182 1075 adferre
2228 1018 2520 1093 quidquam

261 1117 313 1157 ex
352 1102 383 1158 l.
428 1101 560 1158 XXX
605 1103 810 1159 Lucilii.
1411 1171 1415 1174 ⁴

407 1187 499 1244 20.
574 1188 707 1244 haec
748 1198 981 1262 possunt
1039 1189 1205 1245 videri
1259 1190 1401 1254 dicta
1458 1189 1523 1245 de
1568 1188 1847 1262 Hymnide.
1910 1218 1984 1228 -
2046 1194 2413 1261 praecesserat
2459 1194 2520 1241 ut

262 1279 372 1342 puta
404 1273 548 1329 haec
585 1272 802 1344 forma.
854 1304 927 1312 —
975 1274 1197 1336 Ledae,·
1240 1274 1309 1329 cs.
1343 1273 1497 1344 XVII,
1533 1274 1587 1329 1.
1640 1303 1720 1314 ——
1757 1264 2028 1346 Ἰξιονίης
2060 1264 2309 1346 ἀλόχοιο,
2357 1271 2519 1327 ducta

262 1354 399 1411 verba
440 1373 501 1412 ex
545 1357 669 1413 loco
717 1357 1026 1429 Homerum,
1071 1359 1129 1414 il.
1177 1357 1327 1429 Xllll,
1379 1359 1498 1416 315
1530 1375 1650 1432 sqq.

404 1474 471 1539 οὐ
497 1477 609 1560 γὰρ
638 1479 876 1542 πωποτέ
902 1507 943 1560 μ
953 1474 1120 1543 ὀἶδε
1150 1487 1301 1555 θεᾶς
1332 1479 1459 1562 ἔρος
1491 1477 1631 1542 οὐδὲ
1659 1479 1943 1562 γυναικὸς

402 1562 601 1642 θυμὸν
631 1563 721 1626 ἐνὶ
749 1565 1037 1645 στήθεσσι
1065 1566 1522 1672 περιπροχυθεις
1554 1563 1907 1645 ἐδάμασσεν.

402 1644 533 1708 οὐδ’
566 1645 738 1710 ὁπότ’
770 1647 1087 1732 ἠρασάμην
1110 1648 1376 1730 Ἰξιονίης
1405 1647 1657 1730 ἀλόχοιο.

403 1790 499 1849 21.
573 1794 865 1864 captando
908 1793 945 1847 i.
994 1809 1042 1848 e.
1090 1792 1409 1849 deleniendo
1456 1794 1611 1847 variis
1659 1792 1887 1848 artibus.

401 1874 495 1930 22.
568 1877 857 1950 Lydorum
911 1876 1041 1948 opu’
1100 1879 1454 1933 sordidulum
1510 1893 1704 1940 omne,·
1760 1878 1835 1932 ita
1890 1876 1927 1934 1.
1975 1874 2105 1931 XXX
2160 1877 2326 1932 lanai
2366 1891 2512 1947 opus

256 1975 393 2015 omne
427 1962 597 2032 pei-it.
682 1965 899 2039 pallo*
946 1964 1120 2018 tiniae
1164 1966 1350 2018 omnia
1397 1963 1668 2018 caedunt.

403 2044 496 2102 23.
565 2049 788 2118 psilae5
841 2045 1029 2120 glosae
1073 2045 1297 2102 Labbaei
1343 2049 1570 2103 auleum
1616 2039 1786 2119 ψιλη.
1830 2075 1916 2085 —-
1958 2045 2215 2119 deceptus
2264 2052 2322 2099 ut
2366 2007 2509 2099 haud

254 2143 357 2182 raro
386 2132 650 2204 corruptis
682 2129 955 2186 codicibus
985 2130 1243 2188 Isidorus,
1274 2161 1356 2169 -—
1389 2133 1784 2203 amphitapoe;
1828 2131 1906 2186 sic
1935 2129 2096 2185 scribi
2125 2129 2216 2184 diu
2248 2128 2506 2184 meditato

254 2212 402 2268 visum
444 2215 568 2271 mihi
614 2216 898 2288 optimum.
968 2214 1108 2288 apud
1158 2214 1386 2270 Nonium
1436 2216 1576 2284 (nam
1623 2215 1891 2271 Isidorum
1936 2231 2046 2270 non
2091 2212 2244 2284 curo)
2292 2220 2508 2286 praeter

254 2311 305 2350 ea
344 2314 471 2371 quae
515 2301 568 2354 in
614 2307 875 2373 apparatu
898 2301 1086 2355 critico
1133 2299 1435 2371 attulimus,
1481 2300 1685 2373 legitur
1729 2299 1818 2356 lib.
1849 2298 1912 2353 Vl
1942 2298 2132 2354 Lucilii
2177 2300 2505 2369 amfitapoe,

254 2381 348 2436 sive
388 2383 701 2466 amfytape‚
750 2383 1000 2439 Varronis
1045 2383 1217 2439 Manio
1264 2384 1553 2456 amfitabo.
1626 2392 1683 2439 et
1727 2384 1831 2440 hoc
1875 2383 2091 2457 quidem
2121 2383 2244 2438 loco
2277 2383 2405 2455 quin
2436 2383 2508 2437 sit

251 2467 618 2524 restituendum
661 2468 799 2524 illud
828 2470 1180 2541 amphitapa,
1226 2469 1328 2523 etsi
1362 2485 1519 2524 nemo
1554 2469 1705 2540 vidit,
1751 2485 1871 2524 curn
1903 2484 2013 2523 non
2042 2468 2219 2542 possit
2250 2465 2504 2538 dubitari,

254 2552 399 2606 tutius
441 2554 542 2608 erit
586 2554 749 2609 etiam
793 2553 1015 2627 reliquis
1058 2553 1191 2609 locis
1246 2553 1514 2609 secundae
1558 2554 1932 2610 declinationis
1978 2552 2174 2608 formas
2219 2568 2503 2625 reponere.

253 2637 330 2706 qui
368 2635 529 2692 Nonio
576 2637 888 2711 Lucilioque
943 2637 1227 2694 tribuerint
1271 2638 1324 2693 id
1370 2637 1517 2711 quod
1563 2645 1650 2694 est
1694 2640 2095 2710 amphitapae,
2152 2638 2200 2692 ei
2246 2652 2504 2692 excusare

252 2727 478 2790 poterunt
517 2720 679 2778 simili
721 2722 1069 2796 metaplasmo
1114 2722 1256 2778 dicta
1299 2722 1390 2777 illa
1424 2727 1721 2795 parasita,
1763 2726 2031 2795 Mycena,
2074 2724 2246 2778 diota.
2335 2735 2504 2793 eaque

252 2802 401 2860 forma
444 2823 593 2862 usum
639 2808 888 2863 existimo
936 2808 1214 2880 leianum
1260 2806 1461 2880 digest.
1508 2807 1752 2879 xxxnn,
1799 2806 1858 2879 2,
1906 2807 2007 2877 23,
2039 2806 2075 2861 2
2123 2807 2296 2862 veluti
2338 2812 2502 2876 toyae

251 2892 453 2947 tunicae
477 2894 718 2962 palliola
750 2895 1081 2948 vestimenta
1113 2895 1377 2965 strayula
1409 2892 1780 2963 amphitapae
1811 2908 1955 2965 sa9a
1988 2892 2325 2962 reliquaque
2354 2892 2504 2944 simi-

248 2972 336 3043 lia,
374 2973 456 3030 ubi
498 2976 664 3049 vulgo
713 2975 886 3032 fertur
930 2978 1266 3047 amphitapa
1313 2984 1385 3031 et.
1431 3007 1515 3016 —
1560 2979 1722 3032 vellis
1737 3001 1755 3039 ,·
1808 2976 1944 3031 infra
1990 2973 2145 3047 XXX,
2191 2974 2272 3031 48
2320 2977 2500 3047 veryi-

250 3060 351 3120 nis;
388 3058 469 3114 ubi
513 3060 668 3135 plura
714 3061 966 3116 dicentur
1008 3060 1076 3116 de
1120 3059 1290 3115 forma
1334 3059 1442 3116 illa.

397 3143 489 3202 24.
561 3144 887 3201 describitur
929 3146 1091 3200 homo
1137 3144 1421 3201 admodum
1464 3144 1720 3201 deformis
1779 3162 1939 3218 quem
1996 3144 2310 3218 adspicienti
2355 3160 2499 3198 mors

252 3232 296 3278 et
333 3227 520 3302 reliqua
567 3246 706 3303 quae
754 3237 1121 3285 memorantur
1165 3228 1299 3283 mala
1343 3230 1607 3286 eveniant.
1699 3231 1772 3285 ita
1820 3229 1911 3286 lib.
1956 3229 2042 3285 XV
2088 3228 2155 3284 de
2200 3226 2498 3283 Trebellio:

251 3316 436 3367 arcesit
469 3314 658 3385 febris
699 3317 919 3370 senium
965 3317 1226 3370 vomitum
1267 3331 1397 3386 pus.

394 3395 483 3457 25.
556 3416 684 3454 sane
718 3407 777 3454 ut
806 3405 1051 3454 aetatem
1082 3407 1137 3453 et
1176 3399 1413 3471 faciem,
1452 3399 1671 3471 faciem
1715 3408 1771 3456 et
1816 3402 2023 3457 voltum
2062 3396 2317 3469 copulare
2357 3401 2498 3451 amat

249 3474 389 3549 Luc.;
432 3483 499 3537 ita
542 3492 597 3538 et
640 3482 680 3541 l.
726 3482 882 3558 XXX,
927 3482 1007 3540 48
1053 3487 1217 3539 cuius
1262 3487 1414 3540 voltu
1459 3501 1532 3539 ac
1571 3485 1753 3557 facie.

392 3564 482 3623 26.
558 3574 687 3623 nota
732 3584 820 3623 res
866 3567 932 3622 de
977 3567 1231 3639 cinaedi8‚
1277 3585 1505 3641 quorum
1553 3585 1749 3624 nomen
1795 3566 1939 3640 quod
1970 3565 2175 3621 Nonius
2222 3565 2496 3640 vulgarem

247 3656 441 3705 secutus
481 3668 720 3708 errorem
769 3668 1089 3726 quamquam
1121 3652 1427 3726 refragante
1460 3653 1762 3726 quantitate
1793 3652 1994 3725 primae
2024 3641 2143 3706 ἀπὸ
2174 3654 2278 3706 τοῦ
2307 3652 2497 3706 κινεῖν

248 3729 344 3785 volt
379 3738 558 3807 repeti,
606 3738 660 3791 in
707 3743 868 3792 notae
912 3736 1192 3792 socordiae
1236 3736 1455 3792 homine
1500 3755 1610 3793 non
1654 3735 1983 3792 mirabimur.
2047 3735 2268 3791 Plautus
2313 3737 2365 3791 in
2400 3736 2496 3791 mi-

247 3811 326 3869 lite
369 3811 484 3893 [tll‚
528 3821 595 3892 1,
645 3814 755 3896 74]
805 3828 919 3877 tam
976 3823 1056 3877 ad
1107 3824 1431 3878 saltandum
1475 3839 1588 3879 non
1631 3823 1909 3877 cinaedus
1949 3824 2214 3877 malacus
2258 3828 2495 3894 aequest

248 3905 398 3971 atque
438 3918 549 3977 eqo.
603 3936 690 3947 ——
743 3914 982 3960 ceterum
1028 3913 1250 3978 apparet
1295 3908 1440 3979 tangi
1486 3907 1590 3961 hoc
1634 3904 1756 3960 loco
1802 3921 1957 3977 eum,
2004 3907 2099 3978 qui
2139 3907 2346 3960 minore
2391 3920 2494 3958 usu

245 3997 401 4119 gemm
438 3988 766 4061 peritissimis
809 4005 868 4044 se
911 3990 1280 4046 immiscuerit.
1336 4020 1422 4031 —
1476 3999 1531 4047 et
1575 3989 1679 4045 suit
1732 3989 1821 4045 illa
1867 3989 2098 4045 sortasse
2142 3989 2492 4062 proverbialis

275 4066 406 4125 ictio.

393 4154 487 4212 27.
554 4160 745 4214 mirum
801 4157 968 4215 fuisse
1024 4162 1115 4233 qui
1163 4160 1266 4216 hoc
1320 4160 1679 4230 fragmentum
1735 4159 1771 4215 Ι.
1821 4159 1951 4214 Vllll
2007 4174 2163 4232 quam
2208 4157 2228 4212 l
2274 4157 2492 4213 mallent

246 4237 413 4294 ascribi
455 4247 506 4295 et
548 4259 611 4298 eo
641 4259 729 4297 res
759 4245 1132 4317 grammaticas
1163 4247 1312 4319 tangi
1344 4251 1614 4318 putarent.
1664 4275 1739 4282 -
1789 4244 1927 4299 idem
1960 4258 2114 4297 error
2158 4241 2292 4297 infra
2323 4249 2490 4297 nota-

243 4316 368 4378 bitur
405 4325 459 4380 in
500 4343 653 4383 versu
698 4327 792 4384 illo
835 4331 1109 4387 servandi
1153 4330 1392 4387 Numeri
1432 4345 1479 4384 e.
1516 4346 1567 4405 q.
1604 4347 1650 4385 S.
1698 4359 1775 4368 —-
1823 4332 1858 4388 i
1902 4344 1954 4383 c,
1999 4345 2048 4400 q.
2092 4328 2149 4385 Ιι.
2192 4345 2246 4403 q.
2286 4341 2352 4404 p.
2400 4329 2490 4392 d.,·
