3267 5075
1409 330 1630 385 LIBER
1667 330 1787 385 VH.
2606 331 2737 396 219

622 498 723 558 17.
788 498 892 555 hoc
937 497 1098 572 lrgm.
1142 496 1282 553 haud
1330 496 1490 553 dubie
1521 498 1856 572 iungendum
1901 514 2022 553 cum
2053 497 2148 555 illo
2188 499 2355 570 ferai
2396 502 2476 554 ad
2517 503 2741 556 catulos

410 585 736 639 accedere
777 586 1049 645 inultum,·
1092 598 1212 637 nam
1257 581 1496 655 positum
1527 591 1821 655 utrumqne
1865 582 1918 638 in
1965 582 2334 655 descriptione
2379 587 2486 639 τοῦ
2513 570 2736 640 ἀδυνά-

411 684 562 725 του.
644 671 937 724 esuriente
966 667 1203 723 dativum
1234 682 1355 722 esse
1385 674 1532 722 recte
1563 674 1749 722 monet
1780 667 2047 722 BartliiuS.
2101 697 2173 707 —
2222 676 2465 724 ceterum
2510 669 2591 725 vix
2625 686 2741 724 cre-

412 750 610 808 dibile
657 760 747 807 est
777 752 944 808 fuisse
975 753 1067 825 qui
1103 751 1239 806 hanc
1269 749 1495 806 formam
1527 767 1554 806 a
1586 746 1795 807 Lucilio
1826 750 2210 824 abiudicarent,
2257 753 2411 808 cuins
2443 769 2544 809 nec
2572 770 2738 827 pauca

411 852 531 892 nec
584 836 821 893 obscura
866 844 1047 892 extant
1091 834 1228 909 apud
1276 852 1397 890 eum
1428 835 1690 909 exempla.
1764 835 1968 891 Ennius
1999 854 2083 910 ap.
2116 834 2251 894 Non.
2290 836 2432 907 195,
2467 838 2544 894 13
2591 840 2739 894 malo

412 937 627 978 cruce
668 921 844 995 satur
888 924 973 977 uti
1012 922 1129 990 ἀρε,
1177 920 1463 992 Iuppiter.

618 1006 719 1063 18.
788 1022 974 1061 versus
1018 1003 1307 1060 admodum
1351 1004 1602 1075 elumbiS,
1652 1012 1710 1060 ut
1755 1004 2040 1078 aliquando
2072 1006 2253 1079 potius
2284 1007 2578 1080 septenarii
2628 1014 2741 1062 tro·

409 1091 642 1163 chaici,
691 1092 781 1147 cui
823 1090 993 1164 prima
1039 1088 1180 1145 desit
1222 1088 1469 1161 dipodia,
1521 1106 1679 1163 quam
1726 1088 1974 1163 dactylici
2022 1090 2316 1146 hexametri
2359 1089 2617 1164 reliquias
2661 1092 2741 1146 eis

409 1176 715 1232 contineri
760 1173 1079 1230 existimem}
1168 1181 1318 1229 certe
1378 1174 1449 1228 ita
1496 1174 1713 1229 mollius
1759 1174 1930 1230 llucnt
1975 1176 2217 1247 numeri,
2275 1190 2594 1248 quamquam
2642 1192 2743 1231 nec

412 1260 534 1334 ipsi
590 1258 660 1315 ab
701 1275 860 1315 omne
892 1267 1042 1332 parte
1085 1257 1332 1333 perfecti.
1377 1287 1463 1299 --
1506 1262 1814 1332 muyinari,
1863 1258 2007 1331 quod
2039 1259 2318 1315 descendit
2363 1276 2392 1314 a
2419 1261 2742 1333 muyiendo,

414 1343 607 1418 longa
657 1343 894 1400 secunda
940 1358 1060 1398 esse
1103 1344 1434 1417 persuadent
1477 1360 1536 1398 ea
1583 1359 1721 1416 quac
1765 1343 2026 1399 disseruit
2056 1342 2382 1399 Ritschelius
2413 1343 2480 1399 de
2511 1343 2740 1400 miliario

410 1428 746 1502 Popilliano
796 1429 871 1485 17
930 1424 1110 1502 (verba
1157 1434 1283 1483 sunt
1330 1427 1463 1483 haec
1507 1435 1716 1499 suapte
1762 1435 1977 1484 natura
2025 1430 2214 1486 brevis
2258 1427 2364 1484 ‘in'
2411 1429 2638 1502 syllaba
2682 1433 2741 1484 in

407 1517 674 1588 Ionyam
721 1521 835 1570 tum
878 1515 1097 1569 demum
1144 1514 1356 1582 crevit,
1403 1529 1532 1567 cum
1577 1516 1794 1568 coaluit
1838 1530 1965 1569 cum
2012 1516 2133 1570 alia
2180 1516 2370 1570 vocali
2412 1529 2597 1586 eaque
2642 1532 2738 1570 ra-

410 1600 583 1655 dicis
623 1593 916 1671 propria).
964 1628 1041 1637 —-
1090 1605 1329 1655 ceterum
1375 1597 1476 1651 nisi
1522 1597 1814 1653 lacunosus
1859 1605 1943 1653 est
1988 1596 2165 1669 locus,
2210 1597 2373 1653 solito
2420 1596 2578 1672 plane
2623 1607 2739 1654 stu-

411 1700 572 1758 pore
609 1699 744 1738 usus
787 1683 913 1738 dicit
946 1682 1152 1738 Nonius
1181 1683 1446 1738 moliendi
1484 1681 1802 1737 vocabulum
1844 1683 2080 1757 positum
2127 1699 2224 1755 pro
2272 1684 2573 1755 morando,
2618 1699 2739 1739 cum

413 1767 598 1824 facile
644 1774 898 1841 appareat
947 1768 1128 1841 potius
1156 1765 1312 1821 idem
1359 1781 1480 1821 esse
1535 1765 1680 1840 quod
1721 1767 2045 1838 facessere.

617 1851 720 1908 19.
807 1853 1013 1914 calda,·
1066 1850 1202 1906 infra
1261 1850 1340 1907 23
1397 1851 1655 1914 caldum,·
1711 1851 1778 1907 cs.
1837 1851 1890 1906 d.
1939 1869 1984 1906 r.
2033 1869 2105 1908 m.
2156 1851 2298 1908 366.
2352 1879 2437 1891 --
2493 1855 2740 1922 simeilu,

412 1938 578 1994 Non.
621 1936 769 2006 136,
802 1936 884 1993 20
925 1937 981 1992 in
1028 1936 1170 1991 Accii
1222 1951 1380 1990 versu
1424 1939 1623 1991 simeta
1670 1952 1773 2009 pro
1804 1940 2046 1992 simeitu.
2123 1936 2268 1991 conl‘.
2303 1953 2440 2010 quae
2472 1935 2740 2016 notabun-

411 2030 520 2079 tur
591 2020 659 2077 ad
719 2021 871 2093 XXX,
921 2020 1019 2077 15.
1076 2050 1162 2062 ·--
1217 2021 1504 2077 olei-orum
1561 2020 1632 2075 cl‘.
1685 2019 1791 2091 XV,
1840 2020 1937 2076 15.
1995 2051 2078 2060 —-
2140 2018 2318 2076 obiter
2372 2036 2568 2077 moneo
2624 2037 2741 2076 ver-

413 2123 554 2163 sum
594 2107 694 2180 qui
728 2105 1001 2179 praecedit
1042 2122 1127 2178 ap.
1162 2105 1299 2161 Non.
1333 2105 1462 2159 Attii
1513 2121 1621 2160 non
1655 2121 1777 2160 esse
1807 2122 2053 2161 mancum
2086 2112 2459 2161 tetrametrum
2507 2105 2740 2161 trochai-

411 2208 584 2263 cum,
634 2190 730 2245 sed
778 2189 993 2264 plenum
1041 2187 1323 2245 iambicum
1371 2190 1696 2262 trimetrum,
1742 2207 1841 2245 nec
1870 2206 1994 2246 eum
2028 2191 2187 2246 unius
2218 2190 2311 2245 scd
2344 2190 2573 2246 duarum
2617 2207 2741 2264 per-

412 2291 732 2333 sonarum:

613 2419 770 2495 ‘quid
816 2438 969 2477 cesso
1026 2422 1106 2476 ire
1162 2421 1227 2476 ad
1283 2421 1442 2477 eam’.
1505 2452 1583 2460 ——
1643 2419 1751 2476 ‘em
1807 2420 2126 2495 praestost'.
2193 2452 2265 2463 —-
2322 2419 2499 2478 ‘camo
2538 2420 2740 2501 collum

1257 2506 1522 2581 gravem’.

414 2646 605 2686 camo
652 2625 707 2683 id
753 2635 839 2683 est
882 2621 1143 2701 κάμπτω.

615 2712 718 2769 20.
791 2713 895 2767 nisi
928 2712 1117 2786 nugari
1147 2710 1423 2767 crederem
1454 2712 1707 2782 Nonium,
1749 2711 1892 2767 haud
1927 2711 2228 2769 dubitarem
2260 2714 2314 2769 in
2347 2712 2590 2769 ordinem
2623 2731 2741 2769 ver-

416 2798 636 2855 borum
669 2796 912 2870 recipere
941 2796 997 2869 id
1029 2796 1175 2870 quod
1206 2796 1379 2852 Dousa
1415 2797 1709 2870 proposuit
1736 2804 2070 2870 satumque3
2115 2814 2259 2853 nunc
2287 2814 2741 2854 commemorasse

415 2883 569 2940 satis
620 2879 801 2937 habui.
2180 2923 2207 2943 ..

616 2966 720 3022 21.
791 2968 837 3022 li
876 2981 977 3039 pro
1021 2969 1120 3022 illi.
1167 2996 1247 3005 —
1294 2969 1508 3040 oqanni
1549 2983 1649 3039 pro
1697 2971 1948 3040 oyyanni
1975 2974 2036 3022 ut
2065 2965 2187 3023 alibi
2235 2984 2379 3041 aqer
2409 2984 2508 3042 pro
2541 2984 2739 3043 ayqer.

416 3054 509 3108 sic
560 3053 759 3107 omitto
804 3068 902 3123 pro
948 3054 1212 3123 ommino,
1259 3057 1580 3123 oportunus
1624 3068 1727 3123 pro
1772 3059 2151 3122 opportunus.

614 3134 718 3190 22.
788 3135 1103 3207 fastidimu’
1151 3137 1462 3198 bonorum:
1503 3137 1573 3191 ita
1620 3134 1710 3191 lib.
1742 3135 1895 3190 XXVl
1924 3137 1981 3191 in
2014 3137 2220 3210 tragico
2266 3154 2428 3193 versu
2466 3139 2742 3210 fastidire

416 3223 896 3296 Ayamemnonis.
953 3219 1053 3275 alia
1083 3219 1253 3277 eiusd.
1288 3226 1495 3276 constr.
1522 3220 1761 3293 exempla
1794 3236 1860 3275 ex
1891 3220 2081 3291 Titia„
2111 3220 2323 3294 Plauto,
2355 3222 2560 3295 Turpil.
2594 3222 2737 3295 prof.

418 3308 579 3364 Non.
628 3305 669 3360 l.
717 3321 787 3359 m.

613 3389 717 3448 23.
788 3389 1003 3446 confert
1046 3406 1168 3445 cum
1216 3389 1316 3446 hoc
1361 3389 1484 3445 loco
1530 3388 1892 3446 Franckenius
1936 3390 2064 3446 Luc.
2112 3390 2195 3462 Vl,
2229 3389 2372 3464 148,
2405 3391 2441 3448 9
2489 3397 2551 3448 ut
2596 3395 2737 3448 cali-

416 3479 519 3535 dis
570 3476 836 3531 candens
884 3474 1117 3547 ferrum
1158 3492 1189 3532 e
1228 3474 1576 3547 fornacibus
1630 3477 1759 3531 olim
1803 3477 2014 3545 stridit,
2064 3476 2160 3531 ubi
2212 3479 2272 3531 in
2314 3478 2561 3548 yelidum
2601 3493 2739 3549 pro-

358 3589 365 3594 ·
411 3576 581 3636 pere
625 3561 1002 3616 demersimus
1044 3561 1295 3616 imbrem.
1338 3588 1426 3600 -—
1480 3575 1547 3615 ec
1586 3560 1973 3631 furnacibus3
2030 3558 2102 3615 ita
2148 3560 2202 3614 in
2249 3559 2426 3616 verbis
2480 3560 2740 3618 Sisennae

420 3639 608 3720 (484,
646 3641 747 3714 19)
801 3644 971 3701 simul
1014 3660 1081 3700 ec
1124 3647 1591 3701 senaliconsullis
1632 3646 1971 3700 clarissimis
2024 3647 2366 3717 amplificati
2405 3648 2737 3719 bonoribus,

418 3730 719 3788 Ciceronis
762 3727 931 3801 (175,
977 3727 1079 3801 27)
1135 3745 1202 3785 ec
1245 3747 1374 3802 quo,
1416 3728 1672 3785 Varronis
1717 3726 1883 3804 (223,
1933 3729 2042 3797 153
2088 3728 2235 3800 325,
2281 3730 2391 3801 16;
2437 3729 2581 3804 334,
2631 3732 2740 3801 17;

419 3814 586 3886 428,
636 3812 751 3882 23;
797 3812 939 3883 552,
987 3811 1045 3887 6)
1091 3829 1160 3870 ec
1204 3817 1345 3883 sale,
1394 3830 1463 3870 ec
1508 3815 1756 3884 theatro,
1804 3829 1870 3868 ec
1911 3815 2131 3887 liquida
2178 3819 2315 3888 vita,
2363 3832 2430 3872 ec
2475 3818 2740 3888 rythmis,

419 3917 497 3958 ec
549 3916 699 3972 quo,
745 3895 986 3954 Sallustii
1035 3891 1213 3973 (366,
1264 3895 1361 3972 12)
1410 3915 1476 3955 ec
1520 3902 1670 3955 malo
1726 3900 2088 3970 dependens,
2138 3907 2197 3955 ut
2242 3900 2431 3957 Lucilii
2475 3900 2739 3974 exempla,

417 3999 578 4059 quae
607 3982 890 4057 complura
920 3991 1233 4056 occurrunt,
1279 3999 1346 4039 ne
1378 3990 1612 4057 tangam.
1680 3985 1797 4057 ipse
1827 3983 2033 4039 Nonius
2066 3983 2188 4041 297
2233 3984 2602 4058 compluriens
2643 4000 2739 4041 ec-

412 4070 637 4144 ferre;
685 4066 825 4148 idem
875 4067 975 4140 76,
1018 4068 1095 4124 21
1155 4072 1455 4142 antiquari
1495 4068 1839 4140 obsolefieri,
1885 4084 1952 4124 ec
1996 4073 2268 4130 memoria
2315 4072 2464 4129 tolti‚·
2508 4067 2656 4141 552,
2699 4068 2738 4125 4

419 4170 499 4213 ec
545 4152 746 4226 farre.
812 4152 908 4209 sed
953 4154 1010 4209 in
1056 4152 1138 4209 his
1183 4153 1439 4227 exemplis
1479 4160 1698 4226 praeter
1742 4153 1794 4209 id
1841 4153 1990 4226 quod
2033 4161 2117 4209 est
2147 4153 2374 4224 ecferri
2399 4152 2739 4211 membranae

416 4243 760 4297 constanter
802 4245 860 4293 et
902 4254 1003 4312 pro
1037 4253 1317 4311 ec,·-quae
1362 4237 1495 4294 adeo
1529 4235 1672 4308 533,
1705 4237 1788 4295 30
1833 4239 2180 4294 Etbatanam
2219 4253 2320 4310 pro
2353 4238 2739 4297 Ecbatanam.

419 4354 513 4364 —-
553 4320 740 4377 eadem
771 4323 989 4397 saepius
1017 4322 1434 4397 praepositionis
1481 4321 1653 4378 forma
1684 4324 1737 4377 in
1767 4322 2040 4378 Ciceronis
2070 4319 2342 4377 codicibus
2387 4324 2737 4395 agnoscitur3
