3267 5075
604 394 779 463 ⁶320
975 398 1143 454 Acc1
1177 397 1275 454 ΕΤ
1314 396 1482 455 snm
1518 396 1899 454 LIBRORUM
1936 376 2130 463 QUAE'
2169 393 2613 453 SUPERSUNT.

647 565 922 642 aequalem
967 567 1311 636 existimarit,
1358 582 1679 639 quamquam
1724 564 2001 621 fatendum
2046 572 2133 620 est
2173 563 2460 620 admodum
2503 580 2628 620 raro
2672 565 2758 620 sui
2805 571 2927 621 tem·

644 652 796 725 poris
817 659 1120 724 poetarum
1163 650 1492 707 mentionem
1523 649 1817 705 Varronem
1858 650 2077 706 inicere.
2135 647 2204 703 de
2232 662 2338 722 qua
2366 664 2428 704 re
2456 649 2658 705 certius
2703 648 2928 705 sortasse

647 743 941 807 constaret,
984 736 1089 790 nisi
1131 733 1360 791 alterum
1404 734 1834 809 fragmentorum
1878 749 2014 807 quae
2043 734 2272 789 servavit
2299 732 2468 789 Varro
2496 732 2728 789 maiores
2763 749 2927 799 reme·

647 818 748 875 diis
793 820 1045 875 traxisset
1091 818 1445 893 corruptelas.
1536 819 1755 892 scripsit
1807 825 1984 873 autem
2038 817 2251 891 idyllia,
2308 832 2343 873 e
2383 816 2578 891 quibus
2632 833 2807 873 unum
2866 819 2927 872 in·

646 905 906 978 scriptum
950 903 1054 959 fuit
1097 910 1390 975 moretum,
1434 920 1543 977 quo
1589 902 1750 958 titulo
1781 901 2082 976 praeditum
2124 907 2180 957 et
2209 899 2440 957 Maronis
2470 909 2654 958 extare
2700 917 2926 975 opuscu-

645 988 758 1044 lum
804 988 1007 1044 norunt
1050 987 1315 1062 plerique.
1378 987 1461 1044 his
1491 988 1650 1043 etiam
1681 1002 1892 1042 carmen
1937 987 2024 1042 cui
2054 985 2245 1041 titulus
2278 984 2380 1042 suit
2411 982 2596 1059 ‘pulli’
2628 985 2923 1042 tribuerim.

646 1080 701 1129 at
744 1089 881 1147 quae
924 1088 990 1128 ex
1032 1071 1172 1128 libro
1219 1073 1411 1145 quinto
1454 1077 1717 1128 memorat
1746 1068 2045 1126 Macrobius
2076 1070 2236 1143 epici,
2278 1070 2383 1126 nisi
2426 1068 2607 1143 fallor,
2650 1078 2785 1126 sunt
2828 1087 2923 1127 car-

648 1158 822 1214 minis.
898 1173 1035 1230 quae
1079 1155 1221 1229 apud
1249 1155 1545 1212 Varronem
1588 1163 1773 1211 extant
1815 1161 1879 1209 ut
1921 1155 2155 1210 auctoris
2201 1153 2342 1209 baud
2387 1153 2604 1210 obscuri
2649 1162 2705 1211 et
2746 1162 2922 1229 aperte

646 1240 862 1297 iambica
910 1250 1085 1296 tamen
1130 1239 1273 1296 unde
1316 1248 1530 1314 sumpta
1584 1241 1695 1295 sint
1748 1256 1859 1295 non
1903 1244 2198 1312 comparet.
2286 1239 2445 1294 nimis
2503 1246 2684 1295 autem
2728 1241 2922 1296 incerta

647 1323 867 1382 Charisii
911 1325 1290 1399 Fulgentiique
1334 1325 1661 1405 testimonia.

814 1517 881 1576 L.
927 1516 1084 1572 Acci.
1147 1518 1408 1572 'asserunt
1455 1531 1784 1590 praenomen
1827 1514 2035 1586 Cicero,
2079 1521 2269 1570 auctor
2309 1513 2574 1570 librorum
2616 1513 2683 1569 ad
2727 1512 2916 1571 Heren-

646 1603 815 1674 nium,
858 1600 1094 1673 Plinius,
1138 1599 1396 1656 naturalis
1442 1600 1697 1655 historiae
1742 1607 1962 1670 auctor,
2009 1599 2245 1671 GelliuS,
2288 1596 2684 1673 HieronymuS,
2729 1598 2917 1655 Macro·

647 1685 785 1742 hius.
860 1692 1102 1741 ceterum
1143 1685 1465 1759 plerumque
1509 1684 1630 1740 solo
1679 1685 1894 1740 nomine
1938 1683 2130 1757 gentili
2157 1685 2377 1739 citatur.
2450 1683 2554 1739 hoc
2597 1685 2701 1739 iam
2746 1700 2776 1738 a
2825 1684 2915 1758 ple·

646 1773 833 1844 risque
877 1769 1031 1825 video
1076 1767 1237 1825 scribi
1282 1786 1379 1844 per
1431 1767 1630 1842 duplex
1677 1774 1717 1823 t.
1807 1777 1862 1823 et
1919 1776 2146 1842 utraque
2202 1767 2417 1841 quidem
2474 1768 2704 1823 nominis
2760 1767 2915 1823 forma

647 1871 745 1929 per
786 1870 846 1910 se
889 1863 1037 1909 recte
1081 1851 1263 1925 habet,
1308 1853 1374 1909 de
1421 1868 1523 1927 qua
1567 1868 1628 1908 re
1674 1851 1896 1907 videnda
1941 1867 2079 1926 quae
2123 1851 2306 1908 dixere
2348 1850 2672 1907 Bitschelius
2721 1869 2911 1927 parerg.

649 1938 752 2011 36,
796 1937 1086 1994 Teuffelius
1131 1937 1259 1993 hist.
1304 1937 1412 1994 litt.
1456 1936 1549 1992 lat.
1602 1936 1754 2004 161;
1810 1935 1955 1992 unde
1999 1944 2054 1992 et
2097 1936 2150 1991 in
2197 1934 2464 2009 lapidibus
2513 1937 2746 1993 vetustis
2789 1938 2912 1992 inve-

648 2024 796 2078 nitur
838 2039 960 2078 cum
1011 2024 1202 2078 Accius
1257 2029 1375 2078 tum
1431 2023 1627 2077 Attius.
1715 2022 1899 2095 itaque
1954 2019 2149 2076 Marius
2203 2020 2510 2076 Victorinus
2566 2037 2660 2093 pg.
2712 2021 2781 2077 9:
2830 2036 2913 2094 per

648 2108 756 2163 duo
800 2113 824 2161 t
868 2109 1078 2177 AttiuS,
1123 2105 1332 2161 Vattius
1389 2112 1445 2161 et
1496 2105 1707 2160 similia.
1798 2113 1852 2160 at
1907 2104 2127 2160 hercule
2168 2105 2225 2160 in
2279 2102 2556 2160 codicibus
2591 2103 2786 2175 Nonii,
2835 2104 2910 2177 qui

651 2207 788 2265 quae
830 2190 984 2246 affert
1013 2207 1079 2246 ex
1108 2191 1325 2263 optimis
1366 2197 1648 2245 auctorum
1694 2187 2086 2263 exemplaribus
2114 2187 2277 2244 ducta
2320 2205 2440 2244 esse
2470 2190 2686 2263 saepius
2731 2205 2912 2245 memo·

642 2277 780 2346 ravi,
823 2291 891 2331 ne
934 2274 1102 2331 semel
1146 2274 1362 2347 quidem
1407 2275 1510 2330 nisi
1552 2274 1811 2328 memoria
1854 2272 1993 2328 fallit
2035 2272 2239 2345 legitur
2280 2274 2490 2339 Attius3
2535 2281 2590 2328 et
2634 2275 2720 2329 vix
2761 2275 2909 2346 magis

649 2359 790 2435 apud
823 2360 1131 2430 Varronem,
1162 2357 1420 2431 Tullium,
1450 2355 1860 2431 Quintilianum,
1891 2357 2145 2428 Gellium,
2176 2356 2413 2428 Festum,
2439 2356 2687 2430 Paulum,
2709 2357 2910 2413 Priscia-

650 2461 797 2500 num.
872 2445 926 2498 in
970 2443 1194 2516 reliquis
1238 2444 1311 2499 ita
1354 2449 1503 2499 certe
1549 2459 1636 2498 res
1683 2440 1843 2497 habet
1886 2450 1947 2497 ut
1992 2458 2113 2497 cum
2158 2441 2336 2497 decies
2366 2442 2582 2513 Accius,
2627 2442 2794 2499 semel
2832 2441 2909 2496 At·

649 2528 759 2585 tius
806 2527 1011 2584 feratur
1055 2527 1139 2584 vel
1182 2528 1387 2584 ActiuS.
1477 2543 1644 2602 quare
1689 2543 1849 2599 quem
1896 2524 2155 2596 movebit,
2204 2525 2349 2600 quod
2394 2525 2614 2583 ultimae
2659 2526 2906 2583 Graeculis

651 2614 837 2669 aetatis
894 2612 1091 2669 dicitur
1143 2621 1305 2685 poeta
1344 2606 1614 2679 ’Ἀττιοςῖ
1691 2610 1860 2666 isdem
1916 2618 1971 2666 et
2026 2607 2401 2679 Λουκίλλιος.
2458 2642 2542 2651 -
2599 2612 2788 2688 quodsi
2838 2628 2908 2666 re·

650 2705 933 2771 putassent
975 2695 1120 2752 docti
1162 2697 1379 2753 Accium
1423 2712 1659 2769 semper,
1703 2712 1814 2756 non
1857 2696 2062 2751 Attium
2104 2695 2209 2751 dici
2253 2704 2466 2770 poetam
2507 2695 2645 2752 libro
2676 2696 2906 2752 Varronis

650 2781 987 2853 FlorentinO,
1032 2797 1142 2836 non
1186 2779 1407 2836 hercule
1452 2781 1795 2853 scripsissent
1829 2779 1916 2853 Vl,
1947 2780 2031 2837 80
2073 2780 2208 2836 hinc
2253 2782 2486 2837 visenda
2519 2784 2753 2854 viqilant
2794 2783 2908 2855 viqi·

649 2870 785 2923 lium
827 2868 1079 2922 invident
1108 2871 1163 2921 ee
1191 2864 1483 2921 Aelianum
1523 2865 1671 2921 illud
1706 2864 1827 2938 (pro
1859 2866 2106 2922 Atticum
2133 2862 2317 2943 illud),
2363 2865 2458 2921 sed
2488 2868 2740 2921 anticum
2767 2866 2905 2935 illud,

648 2952 855 3006 incerto
899 2965 1091 3023 nempe
1134 2957 1353 3006 auctore
1397 2948 1561 3022 (haud
1602 2948 1763 3005 dubie
1807 2949 2057 3024 tragico),

821 3067 966 3125 ollim
1011 3068 1226 3125 violavit
1272 3066 1412 3141 (libri
1458 3070 1657 3126 oblivio
1686 3071 1855 3140 lavet,
1903 3072 2131 3127 violavit
2173 3070 2276 3125 iam
2324 3069 2386 3126 O.
2422 3069 2733 3134 Muellerus;
2777 3068 2906 3144 quod

821 3152 1062 3210 firmatur
1103 3152 1279 3212 verbis
1323 3152 1720 3227 sequentibus),
1765 3170 1892 3227 qum
1939 3154 2070 3210 vidit
2113 3152 2266 3227 (qum
2310 3171 2433 3226 neS,
2479 3157 2615 3212 vidit
2659 3154 2716 3210 0.
2759 3153 2909 3210 Muel-

819 3237 987 3311 leruS,
1033 3241 1134 3311 qui
1171 3239 1370 3295 incidit
1411 3237 1556 3310 cdd.)
1600 3236 1941 3295 invidendum
2001 3270 2011 3288 .

1986 3283 2150 3303 ‘Vua-⁰

651 3368 787 3426 male
831 3369 990 3424 etiam
1034 3382 1147 3423 rem
1193 3367 1364 3441 gessit
1406 3366 1797 3439 Lachmannus,
1843 3368 1937 3441 qui
1966 3384 2104 3441 quae
2133 3366 2202 3422 de
2229 3366 2285 3422 h.
2317 3365 2355 3423 l.
2401 3367 2632 3441 protulit
2671 3367 2909 3442 leguntur

651 3472 723 3511 m.
765 3452 865 3509 Rh.
912 3470 959 3508 a.
1011 3449 1171 3507 1845
1216 3467 1311 3524 pg.
1361 3450 1516 3520 6113
1578 3468 1724 3509 nam.
1757 3460 1812 3509 et
1865 3453 1940 3507 ita
1995 3450 2134 3525 apud
2179 3450 2509 3508 Frontonem
2566 3469 2658 3526 pg.
2701 3450 2778 3507 23
2829 3449 2906 3505 ed.

554 3530 568 3542 ’
650 3537 778 3595 Nab.
813 3536 1044 3594 traditur
1079 3538 1430 3609 peratticum
1457 3552 1559 3608 pro
1585 3540 1976 3609 peranticum,
2021 3543 2077 3592 et
2105 3535 2229 3593 Tac.
2276 3534 2401 3593 dial.
2446 3552 2564 3610 cap.
2600 3535 2674 3593 18
2709 3551 2908 3607 parum

650 3624 879 3680 anticus
919 3637 1021 3695 pro
1058 3637 1274 3692 parum
1315 3620 1554 3677 Atticus,

818 3707 1213 3764 didascalicon
1251 3705 1403 3762 libri.
1448 3735 1533 3745 -—
1577 3693 1714 3765 Gen.
1759 3721 1813 3761 n.
1870 3722 1916 3760 a.
1963 3704 2132 3779 praes.
2180 3704 2218 3762 8
2274 3712 2361 3761 est
2416 3706 2508 3778 qui
2560 3695 2911 3781 πραγματικαὶ

633 3783 706 3849 ἐι
749 3784 1010 3867 πάρεργα
1054 3797 1108 3845 et
1150 3783 1533 3844 διδασκαλικοὶ
1581 3788 1794 3860 (titulos
1839 3788 2070 3864 fecerit).

818 3875 860 3948 1,
903 3874 961 3931 2.
1019 3874 1088 3930 de
1128 3874 1398 3930 sententia
1444 3874 1637 3929 horum
1681 3872 1968 3931 verborum
2013 3875 2091 3931 sic
2120 3873 2519 3931 Lachmannus:
2556 3876 2913 3947 perspicuum

650 3969 735 4020 est
777 3961 1016 4018 Accium
1056 3963 1117 4015 in
1159 3960 1270 4015 hoc
1314 3972 1483 4015 versu
1528 3974 1703 4033 ayere
1745 3963 2039 4024 criticum3
2093 3965 2253 4016 notat
2302 3961 2452 4016 enim
2496 3963 2770 4033 traqicos,
2824 3959 2917 4030 qui

647 4051 719 4106 de
771 4045 1108 4103 Prometheo
1150 4046 1434 4116 finaeerint
1489 4058 1557 4098 ea
1615 4059 1767 4117 quae
1822 4045 2038 4101 homini
2089 4047 2186 4100 cui
2231 4050 2443 4116 pectus
2497 4046 2719 4102 adesum
2774 4047 2913 4098 esset

647 4150 761 4191 non
807 4133 1194 4188 convenirent.

815 4216 859 4287 1,
903 4213 960 4271 3.
1036 4213 1271 4269 sortasse
1313 4211 1380 4267 de
1423 4211 1665 4285 Telepho
1710 4220 1804 4269 aut
1831 4212 2058 4284 Priamo,
2106 4229 2338 4287 quorum
2383 4215 2601 4287 utrique
2638 4208 2698 4266 ad
2744 4209 2914 4268 Achil·

646 4302 752 4359 lem
796 4301 1055 4355 victorem
1098 4297 1417 4371 suppliciter
1446 4295 1549 4351 suit
1577 4296 1961 4368 accedendum,
2007 4299 2138 4353 haec
2176 4298 2336 4353 dicta.
2407 4315 2531 4354 nam
2560 4306 2610 4354 et
2637 4293 2911 4352 admodum

652 4385 986 4464 frequentem
1032 4394 1145 4437 eam
1193 4382 1356 4437 fuisse
1400 4382 1730 4453 tragicorum
1777 4381 2098 4438 carminibus
2144 4384 2418 4438 materiam
2461 4387 2676 4440 constat.
