3267 5075
552 365 683 429 296
1225 361 1682 418 TESTIMONIA
1717 361 1814 417 DE
1852 360 2164 418 LUCILIO.

556 539 749 589 tarent.
818 532 959 587 idem
991 546 1148 605 quam
1179 536 1432 604 acceptus
1465 528 1627 585 fuerit
1656 527 1948 584 Frontonis
1978 527 2293 602 aequalibus
2325 530 2526 586 nemini
2571 531 2865 604 ignotum,

554 617 731 673 donec
771 615 987 673 saeculo
1031 633 1085 689 p.
1116 613 1243 672 Chr.
1286 632 1342 672 n.
1387 615 1553 671 tertio
1596 614 1655 669 in
1698 615 1970 669 communi
2003 613 2308 671 litterarum
2337 614 2622 690 naufragio
2669 617 2868 689 coepit

554 700 692 758 elabi
735 717 799 757 ex
841 698 1083 756 manibus
1128 700 1425 756 hominum.

723 802 824 862 20.
890 804 945 861 in
989 802 1088 858 hac
1130 808 1313 858 satura
1353 802 1458 856 iam
1503 801 1744 857 remissis
1788 803 1870 856 ira
1924 799 2216 875 studioque
2261 800 2438 875 qualis
2482 803 2555 858 sit
2597 802 2865 859 condicio

554 896 767 945 saturae
809 896 866 944 et
909 885 1099 943 Lucilii
1143 895 1199 942 et
1250 887 1419 959 ipsius
1464 884 1798 941 demonstrat
1842 884 2084 942 FlaccuS.
2180 884 2236 943 1.
2303 887 2469 943 nimis
2513 902 2686 958 acer,
2747 905 2864 961 pro

554 973 871 1029 condicione
913 970 1132 1027 illorum
1178 977 1517 1045 temporum,
1573 986 1684 1025 non
1740 972 1786 1025 si
1831 986 1952 1026 cum
1997 969 2203 1025 Lucilio
2249 971 2598 1044 compararis.
2651 1001 2724 1012 --
2777 972 2863 1028 ib.

553 1060 710 1115 ultra
755 1059 935 1131 leqem
981 1056 1212 1112 tendere
1258 1071 1402 1128 opus
1412 1079 1432 1119 ,-
1475 1062 1664 1110 contra
1709 1054 1877 1110 valida
1921 1072 1975 1128 p.
2004 1053 2068 1109 R.
2101 1053 2348 1110 libertate
2377 1054 2517 1112 facta
2545 1055 2866 1130 argueban-

553 1149 664 1215 tur,
710 1141 850 1197 dicta
892 1142 1096 1214 inpune
1140 1147 1313 1212 erant,
1360 1149 1422 1195 ut
1463 1138 1634 1196 Taciti
1677 1137 1854 1194 verbis
1885 1147 2025 1196 utar.
2100 1155 2421 1213 quamquam
2466 1155 2535 1196 ne
2578 1140 2684 1197 hoc
2731 1143 2865 1216 qui-

550 1226 672 1283 ‹lem
717 1223 1122 1299 exceptionibus
1166 1226 1355 1281 caruit.
1439 1225 1615 1297 ipsum
1661 1220 1802 1279 e'nim
1832 1222 2095 1280 Lucilium
2139 1225 2195 1279 in
2236 1225 2320 1280 ius
2361 1240 2585 1281 vocasse
2625 1224 2865 1282 histrio-

550 1327 672 1367 nem
715 1327 745 1365 a
791 1326 899 1383 quo
943 1310 1000 1364 in
1044 1325 1236 1366 scaena
1280 1309 1597 1366 nominatim
1642 1316 1759 1364 erat
1803 1308 2102 1382 appellatus
2146 1309 2436 1365 memoriae
2468 1308 2717 1367 traditur.
2766 1341 2869 1351 ——-

551 1395 612 1453 2.
680 1398 805 1452 sine
858 1396 1084 1465 nerviS,
1139 1400 1203 1449 ut
1256 1395 1510 1450 sermoni
1555 1396 1874 1465 propiora,-
1939 1392 2010 1449 cs.
2069 1394 2120 1465 l,
2175 1391 2246 1466 4,
2293 1392 2567 1471 39—48.
2623 1424 2709 1435 -—
2769 1394 2860 1452 21

550 1486 766 1553 quanto
811 1481 1031 1535 rectius
1071 1479 1182 1536 hoc
1227 1496 1399 1553 quam
1445 1480 1596 1534 tristi
1636 1478 1872 1534 laedere
1927 1493 2099 1535 versu
2142 1478 2529 1536 Pantolabum
2573 1494 2864 1537 scurram

553 1565 1083 1636 Nomentanumque
1136 1569 1426 1635 nepotum.
1510 1569 1813 1636 tanguntur
1854 1560 1892 1618 l.
1937 1562 2034 1618 ls,
2069 1562 2106 1620 8
2143 1580 2226 1618 vv.
2262 1563 2323 1635 9,
2355 1562 2454 1620 lo.
2527 1564 2622 1620 vix
2665 1571 2863 1622 tamen

551 1648 871 1705 crediderim
929 1646 1163 1704 Trebatii
1220 1647 1393 1703 verbis
1448 1646 1598 1703 solos
1654 1646 1789 1702 istos
1844 1648 2072 1720 respici,
2141 1664 2264 1704 cum
2329 1649 2516 1721 potius
2572 1650 2864 1723 pertinere

551 1733 835 1790 videantur
877 1731 942 1788 ad
987 1732 1265 1806 longiores
1292 1749 1383 1791 .ac
1437 1732 1652 1804 saepius
1705 1732 1966 1805 repetitas
2012 1731 2406 1806 descriptiones
2464 1731 2747 1790 Pantolabi
2793 1743 2864 1790 et

552 1817 871 1874 Nomentani
911 1818 1188 1877 vitiorum,
1279 1832 1410 1890 quas
1454 1814 1596 1889 apud
1642 1814 1922 1872 Horatium
1966 1832 2088 1873 cum
2132 1832 2242 1872 non
2287 1815 2533 1891 legamus
2579 1816 2694 1891 (qui
2741 1818 2863 1875 No-

554 1903 788 1958 mentani
832 1909 1044 1958 tantum
1088 1909 1151 1956 ut
1193 1899 1457 1957 luxuriosi
1498 1899 1622 1956 alibi
1668 1901 1908 1957 meminit
1938 1900 1979 1972 l,
2016 1900 2069 1974 1,
2106 1900 2256 1976 1023
2302 1901 2365 1972 ll,
2397 1901 2459 1973 3,
2496 1901 2648 1972 1753
2680 1901 2865 1976 224),

552 1987 797 2043 extitisse
852 1985 994 2060 apud
1046 1985 1310 2042 Lucilium
1365 2000 1553 2041 omnes
1607 1984 1778 2058 inplet
1834 2001 2091 2042 numeros
2155 1984 2572 2060 probabilitatis,
2669 2003 2866 2061 neque
2963 1991 2970 1995 “

552 2070 776 2127 dubium
818 2070 1030 2126 videtur
1075 2071 1205 2144 quin
1246 2070 1389 2126 idem
1432 2071 1505 2125 sit
1535 2068 1902 2125 Nomentanus
1921 2069 2042 2141 ille,
2087 2071 2242 2126 cuius
2285 2073 2540 2127 memoria
2585 2079 2734 2127 extat
2763 2089 2864 2146 ap.

553 2155 817 2211 Lucilium
859 2155 894 2211 l.
927 2154 987 2210 ll.
1062 2162 1223 2229 atque
1268 2153 1402 2211 adeo
1448 2153 1615 2210 multa
1661 2155 1875 2210 nomina
1914 2154 2108 2228 quibus
2152 2156 2327 2210 utitur
2370 2154 2626 2212 Horatius
2670 2173 2867 2213 exem-

554 2240 659 2314 plis
704 2240 957 2295 vitiorum
1005 2256 1250 2314 quaeque
1304 2238 1545 2295 notando
1601 2247 1665 2294 ut
1718 2240 1791 2295 ait
1843 2240 1961 2312 ipse
2016 2256 2081 2296 ex
2135 2239 2231 2296 illo
2288 2239 2458 2295 videri
2514 2257 2635 2297 esse
2690 2240 2867 2298 ducta

555 2327 657 2380 iam
702 2340 861 2399 supra
908 2325 1113 2380 monui.
1204 2322 1368 2397 qua're
1412 2323 1548 2379 male
1593 2322 1857 2379 falluntur
1898 2324 2244 2396 scholiastae,
2290 2326 2383 2398 qui
2430 2325 2865 2399 Nomentanum,

556 2409 795 2465 Cassium
841 2409 1058 2466 nomine
1104 2407 1325 2482 gentili,
1372 2407 1614 2464 Sallustii
1659 2409 1934 2476 historici,
1994 2409 2085 2483 qui
2131 2425 2321 2465 cocum
2366 2410 2482 2464 eius
2529 2410 2869 2468 conduxerit

554 2494 797 2551 centenis
829 2492 1043 2550 milibus
1089 2493 1250 2564 aeriS,
1294 2492 1480 2550 dicunt
1523 2492 1693 2549 fuisse
1737 2493 2034 2567 aequalem.
2126 2495 2286 2550 immo
2332 2494 2440 2551 hoc
2485 2502 2545 2551 ut
2589 2495 2867 2570 pleraque

556 2567 746 2636 eorum
777 2577 875 2652 qui
904 2578 971 2635 de
1000 2579 1248 2652 personis
1277 2577 1581 2634 Horatianis
1625 2578 1964 2651 scripserunt
1991 2581 2208 2636 stetisse
2239 2578 2543 2658 traditionis
2590 2578 2695 2636 fide
2741 2597 2867 2637 non

554 2666 627 2719 ita
684 2670 831 2720 certa
892 2679 952 2719 ea
1005 2679 1066 2718 re
1122 2670 1397 2737 comparet
1454 2663 1600 2736 quod
1646 2662 1823 2718 addita
1877 2657 2139 2738 leguntur
2192 2663 2332 2738 apud
2376 2665 2644 2722 Aaronem
2688 2665 2865 2722 haec:

556 2751 731 2805 aliter
775 2748 1172 2805 Nomentanus
1215 2754 1317 2805 aul
1360 2764 1562 2805 nomen
1614 2750 1921 2820 proprium
1966 2755 2053 2805 est
2096 2755 2197 2806 aut
2238 2743 2449 2823 qentile
2491 2751 2564 2807 de
2609 2750 2867 2807 Nomen-

557 2841 697 2889 tana
745 2836 994 2890 civitate.
1070 2835 1358 2907 siqnificat
1402 2833 1686 2906 quendam
1717 2832 1973 2889 Cassium
2001 2835 2366 2891 luxuriosum
2412 2838 2512 2909 qui
2539 2835 2674 2891 inde
2713 2834 2864 2907 fuit.

558 2917 725 2973 fuisse
770 2925 951 2973 autem
995 2932 1281 2991 personam
1325 2916 1649 2973 Lucilianam
1693 2916 1777 2973 vel
1822 2934 1884 2973 ea
1925 2919 2005 2974 re‘
2039 2916 2101 2975 fit
2144 2917 2422 2992 probabile
2468 2919 2615 2992 quod
2661 2926 2769 2975 sat.
2812 2919 2860 2990 1,

562 3004 615 3067 1,
652 3000 769 3059 101
803 3018 926 3058 cum
956 3001 1184 3072 Maenio,
1215 3002 1369 3058 cuius
1400 3001 1542 3058 haud
1572 3001 1736 3058 dubie
1764 3000 2002 3059 Lucilius
2033 3004 2296 3076 meminit,
2326 3004 2693 3077 componitur.
2765 3003 2863 3061 ubi

557 3086 783 3143 videnda
828 3086 1051 3143 Bentleii
1095 3088 1391 3143 annotatio.
1480 3084 1832 3142 Pantolabum
1875 3090 2011 3144 citra
2053 3096 2237 3144 notam
2291 3089 2480 3144 aetatis
2523 3087 2667 3144 idem
2712 3088 2865 3145 refe-

557 3179 686 3227 runt
730 3170 898 3227 fuisse
943 3171 1193 3226 Manlium
1237 3172 1348 3227 sive
1392 3171 1623 3227 Mallium
1670 3172 1936 3245 quendam
1979 3174 2232 3247 ingenuis
2286 3171 2600 3246 parentibus
2645 3180 2859 3239 natum,

558 3264 613 3311 et
658 3257 778 3330 quia
823 3273 852 3311 a
898 3255 1082 3312 multis
1127 3257 1407 3329 pecuniam
1452 3258 1696 3330 erogarit
1739 3255 1996 3313 Graecum
2039 3257 2121 3313 illi
2164 3249 2471 3331 cognomen
2514 3258 2860 3331 impositum.
2921 3253 2926 3257 ’

556 3371 641 3382 -
685 3341 839 3397 fuere
883 3342 977 3415 qui
1019 3342 1426 3414 suspicarentur
1467 3340 1558 3396 illa
1588 3342 1969 3399 Pantolabum
2014 3358 2283 3399 scurram
2317 3343 2865 3420 Nomentanumque

559 3420 839 3497 nepotem,
886 3442 1022 3499 quae
1067 3424 1227 3481 dandi
1271 3442 1397 3482 casu
1440 3426 1616 3499 posita
1661 3434 1953 3483 recurrunt
1996 3427 2038 3499 l,
2074 3425 2136 3499 8,
2181 3427 2463 3501 adsumpta
2508 3426 2576 3484 de
2621 3425 2860 3500 Lucilio,

508 3516 519 3525 ‘
558 3510 788 3567 fortasse
833 3516 1012 3578 recte;
1074 3526 1394 3584 quamquam
1439 3510 1714 3566 fatendum
1772 3528 1881 3567 non
1925 3519 2175 3568 constare
2219 3512 2418 3585 alioqui
2463 3511 2531 3567 de
2576 3512 2859 3568 translatis

559 3593 623 3649 ab
668 3593 891 3650 Horatio
937 3593 1109 3668 plenis
1155 3594 1400 3650 versibus
1444 3593 1656 3667 Lucilii,
1701 3598 1802 3652 etsi
1845 3613 2006 3670 saepe
2051 3613 2174 3652 eum
2218 3598 2474 3655 imitatur.
2550 3597 2623 3652 ita
2670 3604 2860 3653 tamen

541 3676 723 3734 habes
768 3678 1070 3734 traductum
1115 3677 1268 3735 Ennii
1311 3695 1498 3735 versus
1528 3697 1575 3735 S.
1609 3679 1646 3750 Ι,
1683 3679 1741 3752 2,
1773 3680 1852 3738 37
1877 3698 1961 3754 sq.
2008 3688 2170 3755 atque
2214 3680 2349 3737 adeo
2394 3679 2518 3736 alibi
2560 3680 2720 3737 Varii.
2768 3712 2861 3723 ——-

561 3761 844 3831 30—343
892 3763 1022 3817 haec
1064 3771 1120 3819 et
1164 3779 1299 3836 quae
1342 3763 1605 3838 leguntur
1650 3764 1789 3821 inl'ra
1836 3765 2086 3824 62—70
2130 3772 2238 3821 tam
2284 3782 2407 3821 vera
2451 3773 2585 3822 sunt
2631 3773 2860 3842 tamque

560 3853 765 3921 aperta,
811 3846 963 3902 nullo
1011 3853 1069 3901 ut
1114 3857 1540 3921 commentatore
1569 3847 1866 3924 indigeant.
1914 3882 1997 3893 —
2041 3850 2139 3908 34.
2210 3854 2396 3915 senis;
2438 3850 2670 3907 videnda
2712 3868 2858 3926 quae

559 3932 941 4006 adscripsimus
987 3930 1052 3986 ad
1098 3930 1420 4006 Hieronymi·
1467 3935 1772 3990 testimonia
1816 3935 1882 3991 de
1937 3937 2090 3991 annis
2136 3935 2299 3991 natali
2344 3953 2406 3992 ac
2450 3934 2598 3992 fatali
2642 3936 2855 3995 Lucilii.

560 4025 755 4091 nempe
797 4033 895 4091 per
937 4033 1106 4074 annos
1135 4016 1257 4091 plus
1289 4018 1642 4093 quadraginta
1671 4021 1938 4093 poeticam
1968 4021 2228 4077 exercuit.
2269 4051 2355 4061 —-
2400 4020 2501 4078 65.
2551 4020 2652 4079 66.
2695 4022 2854 4079 Lae-

556 4106 671 4161 lius
716 4108 771 4158 et
815 4104 915 4177 qui
955 4103 1124 4161 duxit
1167 4104 1241 4159 ab
1286 4120 1570 4175 oppressa
1615 4108 1878 4161 meritum
1926 4104 2276 4181 Cartkaqine
2319 4121 2544 4162 nomen.
2634 4117 2857 4179 praeter

560 4187 617 4242 Ρ.
649 4186 955 4261 Scipionem
986 4197 1041 4244 et
1071 4187 1127 4245 C.
1160 4186 1394 4244 Laelium
1425 4189 1576 4245 amici
1608 4190 1759 4246 fuere
1787 4189 1977 4246 Lucilii
2009 4194 2070 4247 A.
2101 4188 2690 4264 PostumiusAlbinuS,
2730 4193 2854 4265 qui·

561 4271 680 4328 dam
724 4288 790 4327 ex
834 4271 1059 4345 Crassis,
1104 4272 1166 4340 Q.
1200 4271 1448 4344 GraniuS,
1494 4272 1552 4329 L.
1598 4274 1783 4330 Aelius
1815 4273 1976 4347 Stilo,
2022 4275 2087 4330 ad
2133 4290 2293 4349 quem
2332 4276 2491 4331 etiam
2538 4291 2705 4332 unum
2750 4294 2854 4333 seu

562 4355 849 4430 conplures
894 4356 1043 4413 dedit
1084 4358 1287 4427 libroS,
1349 4356 1583 4430 denique
1626 4358 1988 4417 Clitomachus
2032 4361 2176 4417 inter
2214 4360 2487 4434 principes
2530 4360 2850 4419 academiae.
