3267 5075
637 367 725 431 48
1569 364 1786 418 mmm
1825 365 1993 419 vnn.

1617 525 1839 591 XVIII
1867 527 1943 591 s*

813 644 1255 709 Cassiodorius
1302 642 1379 706 de
1425 642 1710 726 orthogr.
1756 642 1957 707 2283:
2005 665 2045 727 q
2102 642 2288 705 litera
2330 644 2486 705 tunc
2532 645 2704 706 recte
2753 642 2935 726 poni-

633 765 765 845 tur,
820 783 965 824 cum
1019 760 1113 824 illi
1169 759 1389 823 statim
1444 781 1487 822 u
1540 758 1730 821 litera
1783 760 1849 821 et
1904 757 2033 822 alia
2087 758 2408 844 quaelibet
2453 780 2585 821 una
2639 759 2934 842 pluresve

634 876 886 941 vocales
932 876 1309 940 coniunctae
1354 873 1609 957 fuerint,
1656 873 1749 936 ita
1795 877 1867 936 ut
1911 895 2041 937 una
2081 873 2331 956 syllaba
2374 873 2515 937 fiat:
2564 876 2777 938 cetera
2822 895 2936 957 per

632 1013 668 1056 c
715 992 1099 1056 scribuntur.
1198 991 1320 1055 hoc
1371 989 1618 1054 Lucilio
1674 988 1794 1073 (ita
1849 987 2191 1076 Bergkius‚
2248 988 2480 1054 Lucio
2536 988 2623 1074 v.)
2679 1012 2934 1074 quoque

634 1106 898 1172 videtur.

1599 1191 1754 1257 XIX
1800 1193 1895 1274 [2]
1924 1196 1954 1257 t

808 1334 859 1375 r.
903 1311 1286 1375 nonnullum
1331 1309 1528 1373 habet
1571 1308 1695 1373 hoc
1741 1307 2268 1392 cacosyntheton3
2315 1310 2511 1391 utque
2557 1308 2790 1372 canina

677 1427 764 1491 30
811 1426 902 1492 sic
947 1420 1171 1511 lingua
1215 1424 1356 1489 dico
1403 1423 1588 1487 ‘nihil
1637 1446 1711 1488 ar
1754 1432 1897 1488 me.'
1990 1445 2229 1489 nomen
2274 1423 2356 1486 ab
2402 1422 2525 1487 hoc
2573 1426 2672 1487 est

811 1542 923 1606 llll.

1587 1626 1710 1692 XX
1755 1629 1851 1710 [9]
1880 1628 1968 1692 u*

805 1793 1389 1816 „„„„„„„„„„
1453 1745 1523 1807 in
1568 1744 1934 1829 praeposito
1978 1766 2093 1827 per

803 1860 1182 1946 pelliciendo
1228 1858 1351 1924 hoc
1398 1863 1498 1924 est
1540 1860 1901 1925 inducendo
1948 1859 2273 1944 geminato
2321 1859 2361 1923 l.

1540 2049 1551 2062 ⁸
1592 1974 1749 2040 XXI
1795 1976 1892 2058 [8]
1921 1998 1962 2040 x

806 2116 838 2159 s
881 2098 1277 2177 nostrorum,
1325 2092 1519 2156 etiam
1566 2089 1808 2157 Graece
1856 2091 2026 2176 quod
2071 2088 2323 2156 dicimu'
2370 2090 2605 2177 sigma,

673 2208 760 2274 35
805 2210 899 2273 nil
945 2209 1177 2274 erroris
1223 2208 1436 2274 habet.

1548 2321 1737 2387 XXII
1782 2324 1922 2404 [16]
1950 2344 1995 2407 y

804 2460 976 2505 nunc
1019 2440 1177 2506 haec
1224 2440 1377 2525 quid
1421 2441 1681 2505 valeant
1726 2438 1955 2524 quidve
2000 2438 2150 2504 huic
2195 2439 2486 2504 intersiet
2529 2437 2689 2503 illud

803 2542 1170 2642 cognosces,
1259 2558 1537 2643 primum
1584 2555 1756 2641 quod
1802 2555 2069 2620 dicimus
2117 2577 2256 2621 esse
2301 2578 2562 2641 poema,

625 2733 976 2791 similitudine
1002 2736 1080 2785 sic
1104 2737 1331 2785 vocatus
1367 2733 1678 2799 (vocatur
1713 2731 1804 2799 v.).
1894 2732 2025 2782 XIX
2071 2732 2261 2784 Velius
2286 2733 2512 2799 Longus
2536 2736 2671 2786 2213
2696 2736 2791 2785 sed
2817 2738 2921 2786 sci·

625 2802 752 2852 licet
788 2803 836 2854 si
869 2803 974 2854 hoc
1010 2807 1311 2865 sectentur,
1350 2803 1564 2867 possint
1599 2803 1762 2853 etiam
1796 2800 2081 2869 plerasque
2117 2806 2486 2853 consonantes
2524 2808 2580 2854 et
2616 2818 2806 2854 omnes
2840 2819 2924 2856 se-

625 2869 919 2921 mivocales
955 2887 1053 2936 pro
1091 2870 1321 2934 syllabis
1359 2884 1575 2935 ponere.
1649 2885 1774 2920 nam
1809 2868 1953 2934 apud
1993 2867 2326 2919 Lucilium
2360 2870 2420 2918 in
2457 2870 2563 2931 IX,
2617 2871 2675 2920 in
2714 2887 2822 2937 quo
2857 2873 2921 2922 de

624 2937 828 2989 litteris
864 2938 1135 3003 disputat,
1183 2953 1365 2990 omnes
1402 2938 1574 2991 vicem
1609 2939 1866 3001 (vocem
1903 2937 2029 2986 Vat.
2066 2939 2217 2991 3402.
2253 2939 2408 3000 5216)
2454 2938 2789 3000 syllabarum
2824 2939 2921 2989 im-

626 3006 778 3071 plent
812 3021 935 3055 011111
968 3007 1118 3057 dicit.
1311 3005 1412 3054 XX
1471 3005 1660 3056 Velius
1707 3007 1930 3069 Longus
1969 3006 2101 3054 2227
2147 3019 2243 3070 per
2285 3006 2620 3071 praepositio
2669 3008 2919 3059 omnibus

623 3074 837 3138 integra
872 3076 1222 3140 praeponitur
1267 3074 1375 3123 nisi
1413 3089 1536 3124 cum
1579 3073 1770 3123 incidit
1806 3075 1863 3122 in
1910 3072 1930 3122 l
1967 3071 2201 3133 literam,
2249 3071 2474 3122 adfinem
2510 3080 2920 3137 consonantem,

625 3157 784 3207 quam
821 3141 1174 3206 elegantioris
1211 3144 1479 3193 sermonis
1514 3142 1620 3192 viri
1664 3141 1938 3205 geminare
1981 3140 2152 3203 magis
2197 3140 2491 3191 voluerunt
2538 3158 2697 3207 quam
2736 3158 2763 3191 r
2800 3143 2918 3193 lite·

624 3225 736 3259 ram
771 3211 1071 3276 exprimere
1108 3215 1170 3261 ut
1208 3225 1326 3259 com
1361 3209 1606 3275 pellabor
1642 3208 1851 3258 malunt
1884 3207 2061 3257 dicere
2097 3223 2255 3272 quam
2282 3208 2548 3273 perlabor.
2617 3226 2719 3260 nec
2755 3210 2920 3260 aliter

623 3278 768 3343 apud
807 3278 1138 3330 Lucilium
1174 3277 1373 3342 legitur
1398 3304 1464 3313 —
1487 3277 1739 3343 pellicere
1775 3276 1984 3327 malunt
2021 3291 2182 3340 quam
2214 3275 2484 3341 perlicere.
2622 3277 2754 3328 XXI
2814 3279 2918 3328 Ve-

621 3344 730 3396 lius
766 3347 993 3409 Longus
1029 3348 1163 3397 2214
1199 3350 1325 3411 post
1358 3345 1720 3410 fragmentum
1754 3360 1787 3394 a
1821 3343 2174 3410 praecedente
2212 3345 2540 3408 proximum=
2577 3345 2724 3396 item.

624 3412 787 3464 XXII
845 3413 981 3464 Non.
1008 3416 1126 3477 428,
1152 3417 1180 3466 7
1219 3414 1449 3479 poesis
1485 3418 1539 3463 et
1575 3428 1807 3480 poema
1841 3411 1986 3461 hanc
2012 3411 2219 3481 habent
2243 3410 2585 3463 distantiam:
2624 3413 2814 3478 poesis
2836 3419 2919 3464 est

623 3478 804 3531 textus
840 3483 1182 3547 scriptorum,
1219 3496 1408 3548 poema
1443 3482 1690 3531 inventio
1726 3495 1910 3546 parva,
1950 3494 2085 3544 quae
2122 3481 2312 3545 paucis
2349 3481 2534 3532 verbis
2562 3479 2746 3544 (immo
2782 3497 2916 3532 ver-

793 3659 872 3717 29
919 3677 965 3716 r.
1013 3661 1334 3717 nonnullum
1380 3659 1543 3718 habet
1587 3659 1654 3716 M
1701 3658 1841 3733 139,
1897 3675 1927 3714 3
1981 3675 2041 3715 re
2097 3675 2206 3716 non
2253 3660 2483 3716 multum
2534 3622 2686 3717 abest
2733 3680 2781 3720 v.
2835 3692 2912 3702 —

621 3787 791 3853 utque
835 3781 1020 3835 canina
1065 3781 1144 3836 sic
1188 3780 1279 3850 M,
1337 3789 1499 3855 atque
1551 3779 1747 3835 canina
1789 3736 1888 3833 siyi
1931 3779 2060 3835 cdd.
2276 3780 2357 3837 30
2402 3795 2462 3836 ar
2503 3779 2629 3853 Dp,
2677 3779 2743 3836 ad
2787 3783 2913 3837 cdd.

621 3895 705 3904 —
750 3862 813 3920 ab
859 3863 965 3920 hoc
1007 3872 1092 3920 est
1131 3864 1209 3920 illi
1252 3865 1343 3933 M,
1403 3866 1508 3922 boc
1552 3866 1604 3921 h.
1651 3862 1729 3919 illi
1775 3871 1858 3918 est
1903 3864 2032 3920 cdd.
2236 3864 2315 3920 32
2362 3865 2416 3920 in
2458 3866 2771 3939 praeposito
2818 3882 2915 3940 per

618 3947 936 4023 pelliciendo
983 3949 1087 4006 hoc
1129 3949 1324 4005 Lckm.
1371 3966 1567 4007 comm.
1614 3948 1791 4004 lucr.
1835 3946 1994 4021 409,
2037 3947 2090 4003 in
2137 3951 2595 4024 praepositionem
2639 3966 2740 4024 per
2783 3949 2802 4006 l
2848 3951 2911 4006 li-

617 4034 811 4091 ciendo
870 4033 1017 4108 quod
1092 4034 1216 4089 Vat.
1278 4032 1461 4092 3402.
1520 4063 1603 4074 -—
1661 4033 1934 4107 geminato
1989 4032 2218 4104 Lckm.,
2277 4035 2517 4109 geminat
2561 4053 2613 4091 v.
2830 4034 2912 4091 34

618 4127 951 4184 nostrorum,
984 4119 1144 4174 etiam
1176 4117 1375 4174 Graece
1406 4118 1490 4190 M,
1520 4125 1769 4173 nostrum
1800 4126 1854 4174 et
1884 4119 2213 4192 semigraece
2251 4121 2375 4176 cdd.
2508 4119 2588 4177 35
2633 4118 2708 4176 nil
2739 4120 2913 4192 docti,

619 4203 751 4259 nihil
798 4222 848 4262 v.
1001 4203 1080 4261 36
1127 4219 1271 4259 nunc
1314 4203 1439 4275 Dp,
1495 4218 1606 4258 non
1652 4204 1780 4259 cdd.
1835 4233 1916 4244 —
1972 4203 2187 4260 valeant
2228 4204 2422 4260 Lehm.
2472 4220 2730 4276 prooem.
2776 4206 2909 4261 lect.

618 4295 763 4345 aest.
809 4292 961 4346 univ.
1012 4290 1206 4346 Berol.
1256 4308 1311 4345 a.
1362 4288 1519 4345 1851
1562 4304 1660 4361 pq.
1707 4287 1777 4356 4,
1825 4288 1994 4345 valeat
2037 4291 2164 4347 cdd.
2223 4320 2297 4329 —
2358 4290 2912 4363 huic—cognosces

620 4372 736 4445 Dp,
782 4373 886 4429 hoc
925 4404 992 4413 --
1029 4375 1318 4448 cognoscis
1363 4393 1415 4431 v.
1588 4373 1667 4430 37
1716 4373 1818 4428 hoc
1861 4372 2005 4446 quod
2050 4375 2203 4442 libri,
2251 4372 2356 4428 hoc
2398 4375 2510 4431 del.
2557 4374 2638 4430 M.
