3267 5075
420 1393 429 1402 -
533 1368 626 1434 qui
662 1383 760 1431 pro
799 1368 1009 1416 utinam
1050 1367 1171 1422 199ς
1211 1368 1328 1415 216.

529 458 661 525 370

534 624 967 689 promunturium
1004 624 1121 683 203,
1153 623 1204 672 4.

531 692 787 757 proprius
824 695 941 743 253.

530 759 818 825 proverbia
864 774 897 808 a
953 756 1166 807 Lucilio
1224 755 1467 807 adbibita
1531 760 1655 820 1973

594 829 718 877 1982
760 828 882 876 242:
921 827 1046 887 2803
1084 826 1209 882 2813
1246 826 1363 875 282.

527 894 849 960 pullipremo
883 896 1000 946 284.

531 977 663 1028 pure
700 978 798 1028 pro
836 977 1000 1027 puere
1036 961 1153 1010 sim.
1195 962 1309 1012 252.

532 1114 566 1164 q
600 1098 788 1148 littera
822 1098 940 1147 226.

531 1182 695 1232 quam
742 1165 1113 1229 antepositum
1159 1164 1215 1213 in
1252 1165 1655 1228 comparatione

531 1235 954 1365 qu29ffiaiectum
994 1300 1122 1358 2333
1161 1300 1279 1349 283.

532 1435 910 1497 Quintilianus
949 1432 1148 1484 Lucilii
1181 1438 1236 1482 et
1268 1433 1533 1485 Varronis
1572 1450 1657 1485 sa-

598 1507 840 1553 turarum
877 1518 1071 1567 parum
1108 1503 1321 1566 peritus
1356 1503 1472 1551 298.

531 1572 673 1638 quod
709 1586 879 1635 genus
922 1573 1038 1621 204.

531 1640 799 1705 quondam
837 1640 895 1689 in
933 1636 1341 1703 comparatione
1376 1639 1493 1689 272.

531 1723 638 1772 quo
673 1712 835 1770 pacto
874 1707 987 1759 196,

532 1859 558 1891 r
594 1840 780 1892 littera
814 1842 935 1890 226.

530 1909 747 1969 raudus,
785 1907 966 1970 rodus,
1005 1908 1170 1957 rudus
1205 1909 1322 1958 231.

533 1977 872 2041 rederguisse
908 1979 1027 2028 285.

531 2045 775 2108 Regium,
812 2059 923 2094 non
960 2042 1223 2107 Rhegium
1261 2045 1375 2093 202.

529 2113 864 2177 reprendere,
900 2112 1187 2177 reprimere
1223 2113 1339 2161 243.

529 2180 795 2240 resistere,
830 2184 1039 2229 restare
1077 2181 1197 2230 216.

529 2248 811 2298 retinen-im
848 2247 966 2295 264.

530 2322 677 2365 retro
714 2313 926 2364 rellicta
960 2315 1077 2362 266.

528 2398 642 2445 rex,
677 2382 837 2432 homo
873 2382 1023 2431 dives
1060 2386 1117 2432 et
1153 2385 1349 2445 potens
1385 2383 1502 2438 321.

531 2537 559 2569 s
593 2517 780 2568 littera
814 2519 931 2571 226.

529 2615 589 2622 —
631 2604 657 2637 s
694 2590 953 2636 truncata
974 2585 1217 2636 librariis
1241 2600 1411 2636 causa
1438 2587 1656 2637 errandi

598 2655 727 2708 2462
765 2655 866 2703 259
890 2670 969 2719 sq.

531 2720 831 2772 Sallustius
864 2723 983 2773 219.

529 2788 718 2841 salvus
752 2804 787 2838 a
820 2791 938 2839 261.

531 2862 721 2908 satura
755 2855 842 2906 lex
882 2858 994 2906 196.

530 2931 736 2985 satura,
772 2939 885 2975 non
918 2926 1271 2987 satyra295.·

531 2991 819 3056 Scipiadas
855 2993 972 3042 276.

531 3058 737 3110 scholia
772 3059 952 3109 Persii
992 3074 1090 3112 em.
1129 3061 1245 3109 201.

532 3127 678 3179 scole
712 3129 830 3178 256.

535 3195 742 3246 scribse
775 3210 872 3311 pro
910 3195 1197 3260 scripsisse
1221 3197 1348 3256 2623
1388 3196 1507 3249 sim.
1533 3212 1655 3261 pas-

603 3280 706 3314 snn
741 3278 774 3312 a
799 3300 811 3312 .

532 3335 793 3393 sectator,
830 3331 1161 3396 inportunus
1195 3331 1404 3382 assecla
1439 3333 1556 3386 276.

532 3398 740 3450 sectius
776 3400 894 3449 235.

531 3468 744 3518 senium
779 3468 897 3516 237.

536 3539 716 3585 sentes
751 3549 849 3598 pro
887 3533 1033 3584 curis
1069 3536 1187 3584 211.

531 3616 810 3653 servorum
867 3603 1196 3652 comicorum
1263 3603 1484 3653 nomina
1553 3603 1656 3652 fre-

600 3670 824 3733 quentia
861 3670 1099 3719 satiricis
1134 3672 1261 3733 260,
1294 3673 1412 3722 261.

532 3751 813 3787 servorum
879 3736 1050 3787 festus
1117 3738 1234 3788 dies
1305 3743 1474 3789 metro
1545 3754 1656 3788 non

603 3810 767 3870 aptus
803 3806 928 3862 216,
969 3806 1086 3855 217.

532 3877 853 3924 sexcentum
886 3888 983 3936 pro
1020 3874 1277 3937 sexcenti,
1314 3874 1433 3925 sim.
1466 3876 1583 3926 266.

532 3941 580 3989 si
615 3939 873 3990 omissum
908 3941 1033 4001 2353
1071 3943 1188 3989 239.

531 4008 721 4059 simitu
754 4009 872 4057 266.

531 4077 619 4125 sin
653 4090 753 4139 pro
788 4074 836 4123 si
876 4076 999 4135 21ος
1036 4077 1154 4125 229.

533 4142 826 4207 singularis
841 4146 898 4192 et
914 4141 1140 4207 pluralis
1150 4144 1463 4209 imperativi
1482 4144 1658 4195 iuncti

535 4278 766 4328 Sisenna
799 4292 899 4330 em.
937 4281 1053 4329 219.

535 4344 767 4396 solidum
800 4360 999 4411 corpus
1034 4348 1150 4397 265.

536 4412 778 4464 sotadici
810 4414 972 4463 metri
1005 4413 1160 4477 leges
1193 4417 1320 4475 3183
1357 4417 1475 4466 321.

797 461 1033 516 INDEX
1069 460 1326 515 RERUM
1362 459 1832 514 NOTABILIUM
1869 460 1947 514 IN
1986 460 2589 515 COMMENTARIIS.

1717 624 1908 673 statim
1944 625 2061 673 321.

1716 692 1895 741 status
1931 705 2032 755 pro
2071 695 2283 741 statura
2318 692 2436 740 258.
2493 697 2506 713 ·

1713 758 1790 808 sti
1827 773 1924 823 pro
1963 758 2056 808 isti
2093 760 2211 808 sim.
2246 761 2373 820 214ς
2410 760 2526 807 227.

1712 825 1818 875 stic
1856 828 1974 877 227.

1712 894 1998 943 stricturae
2032 895 2159 955 204,
2196 894 2316 944 205.

1711 960 1839 1010 Suei
1884 963 2090 1026 scripta
2134 965 2261 1020 319;
2309 965 2425 1012 320.
2506 962 2621 1011 eius
2664 961 2830 1011 hexa-
2920 979 2927 987 ·

1777 1029 1932 1078 metri
1968 1036 2057 1080 sat
2093 1029 2214 1079 duri
2250 1031 2367 1080 322.

1710 1094 1983 1161 Sulpiciae
2021 1101 2210 1147 satura
2243 1100 2360 1149 283.

1711 1179 1918 1228 suppus
1954 1166 2071 1215 281.

1711 1229 2090 1296 Syrophoenix
2105 1234 2242 1285 ·238.

1712 1298 1880 1364 Syrus
1915 1301 2029 1349 250.

1712 1439 1894 1486 taeter
1928 1436 2046 1489 293.

1691 1508 1904 1567 tagax,
1942 1518 2110 1567 rapax
2146 1504 2265 1552 272.

1710 1575 2028 1635 tempestas,
2064 1586 2244 1620 rerum
2281 1576 2464 1621 status
2504 1572 2617 1621 196.

1709 1641 1907 1689 tertius
1941 1639 2139 1690 fluctus
2176 1640 2292 1689 205.

1708 1712 1899 1771 tesqua
1932 1708 2049 1756 201.

1707 1774 1964 1831 Tiresias,
2000 1788 2112 1823 non
2147 1774 2361 1824 Tiresia
2401 1777 2519 1826 283.

1707 1841 1947 1891 Titinius
1983 1856 2082 1890 em.
2118 1843 2243 1901 2113
2280 1843 2405 1903 2393
2445 1843 2563 1894 262.

1710 1909 1898 1959 tmesis
1932 1909 2057 1972 270,
2096 1911 2213 1958 271.

1710 1977 2037 2039 tragicorum
2094 1976 2403 2042 fragmenta
2470 1993 2505 2027 a
2563 1979 2627 2029 L.
2686 1977 2833 2028 libro

1780 2043 1960 2092 XXVI
1994 2044 2204 2095 inserta
2239 2046 2522 2095 247-249.

1714 2112 2039 2175 tragicorum
2063 2111 2284 2163 latinor.
2304 2112 2468 2162 verba
2491 2112 2717 2164 insolita
2733 2117 2833 2163 aut

1779 2179 2001 2228 sordida
2039 2179 2203 2230 irrisa
2237 2194 2270 2228 a
2308 2181 2440 2230 Luc.
2478 2182 2769 2233 247—249.

1711 2247 2065 2297 traiectiones
2099 2247 2388 2298 verborum
2419 2246 2674 2299 insolitae
2713 2251 2836 2307 1943

1711 2381 1934 2441 truleus,
1974 2381 2208 2432 truleum
2241 2384 2369 2445 237,
2406 2385 2525 2434 238.

1708 2449 2016 2499 Tuditanus
2055 2453 2169 2501 236.

1710 2517 1851 2569 tueri
1887 2532 1998 2567 non
2019 2515 2375 2581 dissyllabum
2409 2521 2525 2570 245.

1709 2592 1887 2636 tumor
1929 2592 1986 2636 et
2030 2586 2362 2636 abundantia
2406 2588 2674 2638 orationis
2721 2594 2832 2638 tra-

1775 2653 1915 2717 gicis
1951 2652 2046 2703 lat.
2082 2655 2409 2719 exprobrata
2444 2658 2562 2709 248.

1711 2727 1810 2771 tun
1843 2736 1941 2784 pro
1977 2726 2093 2771 tum
2127 2724 2245 2777 202,

1707 2787 1984 2853 Turpilius
2021 2805 2125 2839 em.
2162 2791 2285 2852 2353
2323 2792 2452 2852 269;
2486 2793 2604 2843 274.

1708 2854 2028 2907 Tuscolidae
2062 2859 2178 2908 273.

1709 2922 2007 2974 Tusculani
2041 2926 2111 2973 ob
2147 2925 2409 2976 invidiam
2443 2926 2622 2976 notati
2656 2928 2779 2975 272.

1710 2997 1857 3055 tune,
1894 3005 2041 3042 meus
2078 2994 2207 3053 217ς
2245 2996 2361 3045 254.

1710 3125 1962 3176 Valerius
1998 3121 2136 3177 Cato
2173 3144 2274 3179 em.
2309 3130 2427 3180 263.

1708 3209 1843 3246 varo
1880 3197 1996 3246 281.

1630 3288 1648 3297 ν
1713 3262 1888 3312 Varro
1923 3277 2022 3312 em.
2052 3265 2175 3323 193;
2215 3267 2338 3326 197;
2375 3260 2501 3329 21οξ
2539 3267 2666 3324 212ς
2702 3269 2830 3331 216;

1778 3332 1906 3389 2193
1944 3333 2070 3390 229;
2106 3334 2231 3391 251;
2269 3334 2392 3393 2573
2429 3336 2553 3393 262;
2590 3335 2706 3383 270.

1709 3398 1975 3448 Varronis
2010 3403 2228 3449 saturae
2260 3399 2582 3465 Menippeas
2626 3403 2741 3452 295.

1708 3469 1919 3528 venter,
1955 3465 2105 3517 lurco
2147 3469 2263 3517 213.

1709 3549 1875 3598 vergo
1911 3548 2011 3599 pro
2047 3535 2220 3600 virgo,
2257 3535 2376 3585 sim.
2409 3538 2534 3595 2183
2571 3538 2688 3587 269.

1711 3617 1905 3652 versus
1961 3602 2180 3652 iambici
2236 3609 2293 3653 et
2350 3603 2615 3663 trochaici
2668 3605 2831 3655 nimis

1781 3668 2200 3734 spondiazontes
2235 3671 2512 3722 invenusti
2547 3673 2672 3735 2463
2712 3675 2830 3723 259.

1713 3764 1775 3772 -
1814 3737 1871 3786 ui
1904 3736 2127 3789 dativus
2164 3738 2280 3789 275.

1712 3804 1956 3854 Viriatus
1990 3808 2109 3854 249.

1709 3871 1981 3937 Ulpianus
2015 3888 2118 3922 em.
2159 3875 2271 3926 197.

1710 3939 2008 3990 urbanitati
2045 3946 2311 4007 quatenus
2345 3941 2405 3991 in
2437 3943 2640 3995 saturis
2673 3941 2835 3994 locus

1708 4101 1774 4109 —
1799 4091 1866 4126 us
1900 4076 1961 4125 in
1992 4077 2324 4127 accusativis
2348 4075 2676 4128 Graecorum
2712 4080 2833 4128 256.

1709 4147 1773 4193 ut
1807 4144 1866 4193 in
1901 4159 2136 4209 compar.
2174 4145 2541 4209 postpositum
2579 4148 2696 4196 215.

1710 4213 1796 4261 uti
1828 4226 1926 4275 pro
1963 4213 2060 4262 ubi
2093 4215 2212 4262 221.

1713 4281 1986 4344 utrimque
2020 4295 2180 4331 secus
2217 4282 2334 4332 244.

1712 4388 2038 4491 zopyriatim
2072 4416 2190 4466 229.
