3267 5075
653 362 782 426 368

653 524 874 575 flacitus
909 526 1026 579 249.

654 591 934 643 folliculus
969 595 1085 644 246.

652 659 878 725 forceps,
922 660 1115 722 forfex,
1153 661 1347 726 forpex
1382 662 1498 713 227.

653 726 936 791 formosus,
970 727 1276 780 formonsus
1312 732 1438 791 232,
1475 731 1591 780 233.

653 794 916 858 frigdaria
951 797 1073 847 sim.
1112 799 1228 849 221.

649 861 913 914 fulmenta
947 866 1065 915 257.

653 998 898 1050 Gallicae
936 1014 1021 1049 res
1055 1004 1382 1050 memoratae
1417 1003 1532 1052 230.

650 1080 907 1131 generum
939 1066 1228 1118 diversitas
1267 1068 1449 1133 capite
1487 1068 1572 1116 ΙΙΙ
1606 1067 1774 1118 Nonii

720 1135 986 1200 quomodo
1022 1136 1298 1185 indicetur
1330 1139 1445 1186 258.

649 1203 962 1265 genitabile,
998 1203 1178 1253 activa
1215 1201 1615 1267 significatione
1659 1205 1771 1253 194.

650 1269 878 1336 gigeria,
913 1286 1024 1321 non
1059 1271 1264 1333 gizeria
1298 1273 1414 1322 220.

649 1351 877 1400 goerare
911 1341 1030 1391 322.

650 1404 934 1457 Gracchus
970 1406 1096 1467 2863
1135 1408 1252 1458 287.

650 1473 892 1544 gracilus
928 1476 1045 1525 220.

648 1527 1125 1603 grammaticorum
1159 1541 1452 1592 latinorum
1485 1542 1630 1592 circa
1664 1557 1769 1591 me·

717 1610 904 1659 tricam
924 1616 1100 1660 artem
1110 1609 1613 1674 antiquissimorum
1627 1615 1772 1674 poet.

715 1676 807 1727 lat.
845 1675 1233 1727 emendandam
1267 1692 1430 1728 curae
1468 1680 1585 1728 293.

647 1745 831 1809 gumia
864 1748 982 1796 208.

647 1878 893 1931 habendo
928 1884 1044 1932 272.

648 1948 869 2012 hemini,
905 1948 1110 1999 homini
1145 1952 1262 2001 233.

646 2014 765 2066 hice
800 2018 926 2080 224,
961 2019 1086 2081 225,
1122 2020 1240 2069 233.

644 2083 730 2133 hir
768 2087 885 2135 243.

644 2152 1063 2217 Hispanicarum
1105 2168 1283 2203 rerum
1325 2152 1576 2219 frequens
1620 2154 1767 2218 apud

712 2218 847 2270 Luc.
885 2221 1140 2270 memoria
1174 2223 1291 2271 290.

645 2286 782 2338 Ῑιὸοε
828 2287 888 2337 ὶιι
940 2286 1216 2339 trochaeis
1264 2287 1350 2339 vel
1397 2289 1591 2339 iambis
1646 2291 1764 2353 264,

645 2423 768 2473 hoic
802 2439 901 2487 pro
937 2423 1065 2475 huic
1108 2427 1222 2476 198.

602 2538 607 2543 .
645 2492 911 2543 Horatius
954 2492 1275 2544 adversatus
1317 2507 1500 2543 eorum
1546 2497 1764 2551 senten·

712 2560 823 2610 tiae
877 2562 968 2626 qui
1020 2565 1287 2625 negarent
1345 2567 1587 2612 saturam
1640 2576 1763 2612 esse

711 2644 904 2692 poema
936 2631 1054 2679 294.

642 2697 908 2747 Horatius
933 2712 1059 2747 num
1095 2697 1464 2762 adsumpserit
1485 2712 1675 2746 versus
1698 2711 1763 2746 ex

712 2765 926 2815 Lucilio
961 2766 1086 2827 296,
1121 2767 1236 2815 297.

642 2834 937 2897 Horatius,
974 2833 1220 2896 Persius,
1255 2814 1536 2882 Iuvenalis
1578 2837 1763 2882 neote-

710 2901 853 2951 ricae
886 2871 1192 2951 A’tticorum
1235 2899 1541 2950 comoediae
1587 2903 1764 2949 secta-

711 2973 856 3019 tores
891 2971 1008 3020 292.

642 3131 710 3142 ·—-
744 3107 762 3155 i
799 3107 857 3155 in
893 3104 1150 3155 ablativis
1191 3103 1601 3169 participiorum
1645 3105 1762 3156 204.

644 3201 708 3209 —
744 3175 764 3223 i
798 3188 896 3238 pro
943 3173 985 3222 ii
1027 3179 1211 3236 genet.
1256 3172 1315 3221 in
1362 3170 1587 3222 Graecis
1630 3172 1758 3234 205;

642 3310 663 3358 i
700 3325 796 3374 pro
834 3326 865 3359 o
900 3309 957 3358 in
994 3308 1215 3359 Graecis
1252 3309 1376 3371 267,
1413 3309 1531 3358 268.

643 3375 772 3428 ibus
809 3376 901 3440 (is)
939 3379 1095 3429 282.

641 3471 707 3480 —-
743 3445 832 3495 ido
866 3460 963 3509 pro
1000 3471 1065 3479 —
1101 3443 1198 3493 edo
1234 3446 1353 3494 261.

642 3512 838 3576 idyllia
870 3515 990 3566 227.

641 3608 705 3617 —
741 3581 814 3643 ie,
849 3596 960 3630 non
986 3607 1045 3616 -
1072 3580 1115 3629 ii
1148 3580 1206 3629 in
1242 3593 1363 3643 gen.
1390 3582 1448 3628 et
1470 3579 1578 3629 dat.
1606 3574 1759 3643 quin·

708 3654 798 3698 tae
833 3647 970 3700 decl.
1005 3649 1122 3698 217.

639 3718 690 3766 ie
725 3718 782 3766 in
817 3714 1044 3766 Graecis
1078 3717 1195 3766 252.

639 3811 706 3821 —-
740 3784 783 3833 ii
817 3784 874 3833 in
910 3782 1134 3834 Graecis
1169 3785 1284 3833 252.

638 3850 715 3902 'ile
751 3867 848 3917 pro
884 3850 980 3901 ille
1017 3851 1075 3899 in
1111 3851 1379 3901 trochaeis
1415 3853 1530 3902 254.

638 3921 743 3970 Ilia
778 3935 897 3969 cum
935 3917 1268 3983 amphibolia
1302 3918 1447 3967 dicta
1481 3921 1598 3971 220.

638 3989 693 4037 in
729 3986 1058 4053 praepositio
1094 3985 1296 4036 omissa
1332 3988 1456 4048 249,
1492 3989 1612 4038 280.

637 4055 889 4105 inberbus
930 4057 1046 4108 270.

635 4123 833 4173 incerti
867 4122 1060 4173 comici
1098 4122 1293 4172 Graeci
1328 4136 1515 4173 versus
1550 4124 1668 4172 284.

637 4192 833 4241 incerti
901 4190 1094 4242 comici
1169 4190 1361 4256 fragm.
1429 4191 1554 4253 229,
1628 4191 1755 4252 267,

639 4327 965 4377 incertorum
1001 4328 1326 4379 comicorum
1373 4342 1460 4379 vv,
1496 4341 1594 4377 em.
1634 4327 1754 4377 204.

637 4394 831 4444 incerti
864 4395 1061 4460 tragici
1096 4394 1286 4459 fragm.
1322 4409 1423 4444 em.
1459 4397 1576 4445 320.

918 363 1149 417 INDEX
1186 363 1443 417 RERUM
1482 363 1945 418 NOTABILIUM
1985 365 2059 419 IN
2100 364 2678 419 GOMMENTARHS.

1828 527 2169 592 indignantis
2222 526 2546 577 exclamatio
2593 543 2689 592 per
2738 543 2851 577 acc.
2899 544 2950 578 c.

1898 595 1990 644 inf.
2026 598 2143 645 235.

1829 662 2106 727 indulgere
2147 679 2268 713 cum
2310 678 2489 713 accus.
2523 664 2640 718 260.

1826 730 2028 794 inguen
2064 731 2309 781 existens
2345 733 2461 781 275.

1826 798 2091 847 innubere
2125 800 2243 848 215.

1828 866 2086 929 inpertire
2119 864 2327 930 duplici
2361 865 2767 916 constructione
2801 869 2920 917 253.

1827 933 1944 997 ipse
1963 939 2214 998 correpta
2232 935 2412 998 priore
2433 934 2679 984 alienum
2696 950 2730 983 a
2748 934 2813 984 L.
2836 937 2959 985 259.

1827 1000 2070 1050 Isidorus
2105 1016 2202 1051 em.
2240 1004 2356 1052 284.

1828 1068 1905 1120 ivi
1941 1083 2038 1133 pro
2091 1069 2134 1117 ii
2176 1069 2420 1119 alienum
2461 1086 2495 1119 a
2540 1069 2782 1119 satiricis
2825 1072 2952 1131 240,

1827 1201 2004 1254 Iulius
2029 1203 2230 1255 Caesar
2259 1202 2457 1254 Strabo
2493 1205 2549 1254 in
2585 1205 2795 1268 graecis
2835 1221 2955 1255 ver-

1897 1271 1986 1321 bis
2008 1285 2239 1336 graecae
2262 1271 2471 1322 formae
2498 1274 2795 1323 observans
2829 1276 2950 1324 322.

1828 1365 1896 1375 -
1929 1339 2041 1388 inm
2075 1353 2193 1403 gen.
2229 1342 2356 1402 227,
2392 1342 2509 1391 228.
2941 1375 2944 1378 -

1826 1433 1894 1442 —
1929 1409 2033 1470 ius,
2069 1410 2141 1470 ia,
2175 1407 2287 1458 ium
2320 1423 2419 1472 pro
2456 1435 2521 1444 -
2557 1423 2672 1471 eus,
2707 1423 2790 1473 ea,
2826 1424 2952 1458 enm

1825 1601 2270 1677 καλιπλόκαμος,
2297 1610 2649 1677 καλίσφυρος
2683 1614 2800 1675 240,
2827 1614 2949 1662 241.

1824 1745 2092 1796 Laberius
2127 1760 2227 1796 em.
2263 1749 2381 1797 209.

1823 1812 2068 1863 Ιῐὼοειιιῑι
2102 1816 2218 1864 203.

1822 1880 2085 1946 lacusque
2123 1895 2386 1947 arcusque
2420 1884 2537 1932 275.

1821 1947 1958 1998 later
1994 1953 2050 1999 et
2083 1948 2230 1998 latus
2266 1952 2384 2000 227.

1822 2016 2013 2080 legere,
2047 2017 2320 2082 surripere
2354 2020 2472 2068 280.

1820 2083 2003 2134 lenteo
2040 2086 2157 2135 221.

1824 2151 2021 2215 lentus,
2058 2152 2312 2216 pertinax
2347 2155 2467 2207 232.

1822 2218 1864 2268 li
1899 2234 1998 2284 pro
2033 2219 2117 2269 illi
2157 2220 2273 2271 sim.
2311 2221 2436 2282 212,
2475 2223 2600 2284 219,
2636 2224 2736 2273 263
2771 2219 2845 2274 al.

1820 2286 2018 2352 limpor
2053 2290 2169 2341 280.
2465 2325 2476 2338 .

1818 2353 1955 2416 lbra,
1991 2353 2110 2405 lora
2145 2358 2263 2410 229.

1820 2423 2015 2473 Livius
2050 2438 2342 2489 numquam
2374 2424 2718 2477 Andronicus
2760 2426 2941 2477 dictus

1886 2490 2064 2541 Nonio
2101 2494 2218 2543 280.

1821 2560 2096 2610 Lucianus
2141 2575 2247 2624 quo
2293 2560 2408 2611 iure
2455 2562 2675 2612 dicatur
2718 2578 2820 2612 nec
2853 2564 2941 2614 dis

1772 2652 1789 2667 x
1885 2642 1987 2677 nec
2021 2627 2332 2679 hominibus
2365 2630 2668 2694 pepercisse
2706 2633 2818 2681 195.

1819 2695 2025 2745 Lucilii
2067 2711 2266 2747 nomen
2310 2695 2516 2761 gentile
2567 2700 2681 2749 193.
2760 2714 2939 2748 annus

1886 2762 2088 2814 natalis
2129 2768 2185 2813 et
2225 2763 2416 2815 fatalis
2461 2767 2746 2816 288-290.
2817 2767 2938 2816 eius

1886 2832 2056 2883 frater
2088 2833 2206 2882 290.
2260 2847 2378 2882 cum
2403 2830 2661 2896 Scipione
2696 2834 2938 2883 amicitia

1884 2902 2010 2961 288,
2045 2901 2145 2949 286
2178 2897 2253 2949 al.
2303 2915 2409 2964 quo
2452 2904 2692 2964 tempore
2734 2901 2799 2949 L.
2836 2902 2940 2951 iter

1887 2965 2126 3016 Siculum
2191 2968 2497 3031 susceperit
2562 2970 2677 3018 201.
2771 2968 2936 3019 huius

1884 3034 2104 3084 itineris
2139 3034 2375 3099 spatium
2406 3037 2522 3084 202.
2568 3036 2635 3088 L.
2671 3050 2764 3099 per
2801 3042 2937 3101 quot

1887 3118 2062 3152 annos
2095 3102 2342 3166 poeticae
2377 3102 2646 3152 studuerit
2679 3105 2798 3154 290.
2871 3104 2937 3152 li-

1884 3170 1978 3220 ber
2011 3170 2041 3218 1
2076 3173 2202 3234 post
2233 3168 2529 3220 Carneadis
2564 3174 2787 3221 mortem
2822 3171 2936 3222 edi-

1851 3295 1862 3302 ·
1884 3243 1974 3287 tus
2012 3240 2135 3299 1963
2171 3240 2288 3292 297.
2358 3237 2494 3288 liber
2528 3238 2609 3287 IX
2655 3254 2760 3303 quo
2796 3244 2935 3289 tem-

1882 3321 2013 3372 pore
2061 3305 2135 3354 sit
2176 3307 2415 3370 scriptus
2457 3308 2573 3357 223.
2654 3307 2719 3355 L.
2764 3307 2933 3356 Ennii

1882 3373 2161 3424 studiosus
2200 3376 2318 3437 194,
2362 3376 2487 3433 204,
2524 3376 2640 3423 215.
2712 3373 2937 3424 Caecilii

1881 3444 2007 3503 253,
2046 3442 2270 3491 Homeri
2304 3440 2443 3492 stud.
2485 3443 2604 3502 194,
2646 3444 2766 3501 197,
2803 3445 2933 3504 217,

1881 3512 2005 3569 235,
2031 3511 2157 3570 237,
2182 3512 2283 3560 240
2305 3505 2378 3561 al.
2436 3509 2779 3573 Empedoclis
2805 3513 2934 3574 2553

1884 3576 2159 3641 Euripidis
2194 3579 2322 3639 259,
2366 3576 2626 3628 Isocratis
2661 3580 2716 3626 et
2749 3578 2933 3627 rheto-

1880 3660 1999 3694 rum
2018 3647 2115 3694 211
2137 3643 2226 3707 (cf.
2246 3643 2396 3708 294);
2417 3644 2784 3709 sophistarum
2804 3647 2929 3707 279,

1881 3712 2175 3763 stoicorum
2197 3714 2323 3776 283,
2350 3711 2678 3777 Theognidis
2702 3716 2820 3764 282.
2863 3713 2928 3767 L.

1879 3781 1938 3830 in
1974 3780 2223 3830 iambicis
2257 3780 2486 3830 maxime
2538 3786 2597 3830 et
2643 3780 2930 3831 trochaicis

1879 3850 2201 3898 comicorum
2219 3849 2479 3900 sermonis
2503 3847 2931 3900 studiosissimus

1879 3919 1977 3966 261
2025 3913 2098 3966 al.
2168 3917 2429 3981 antiquae
2484 3914 2791 3966 Atticorum
2844 3933 2930 3967 co-

1877 3984 2118 4035 moediae
2172 3989 2417 4035 sectator
2472 3986 2601 4048 290,
2658 3987 2774 4038 291.
2866 3984 2931 4034 L.

1869 4052 2072 4110 Ennii,
2127 4052 2378 4113 Pacuvii,
2437 4051 2591 4101 Accii
2642 4058 2931 4116 poetarum

1877 4120 2175 4171 insectator
2195 4121 2317 4179 198,
2342 4121 2468 4182 206,
2494 4122 2621 4182 210,
2648 4122 2772 4182 213,
2801 4123 2929 4182 229,

1861 4182 2177 4250 ’247-249,
2213 4189 2329 4238 260.
2387 4188 2452 4237 L.
2487 4187 2546 4236 in
2580 4188 2931 4239 aestimandis

1878 4261 2022 4320 poet.
2067 4254 2194 4305 aliis
2240 4254 2437 4306 candor
2480 4258 2598 4307 294.
2680 4258 2743 4306 L.
2781 4255 2931 4306 Accii

1879 4322 2270 4388 grammaticor.
2293 4321 2543 4388 placitor.
2579 4324 2771 4374 insect.
2802 4325 2925 4387 221,

1876 4393 2001 4456 321,
2038 4393 2155 4442 322.
