3267 5075
674 352 799 419 170
952 353 1184 411 FALsO
1224 354 1648 412 ADSCRIPTA.
1724 355 2175 415 TESTIMONIA
2214 359 2310 414 DE
2348 358 2657 418 LUCILIO.

1499 521 1713 585 XXXI
1760 523 1907 602 [inc.
1958 517 2110 604 148]

847 608 1088 672 serenu'
1137 610 1274 673 fuit.

1355 725 1602 789 XXXII
1650 727 1817 806 [add.
1864 728 1906 791 2
1952 749 2057 812 pg.
2104 729 2260 808 440]

846 842 915 903 at
958 861 1268 926 magnum
1313 841 1470 908 fecit.
1513 842 1683 927 quod
1730 842 1938 907 verbis
1987 841 2232 907 Graeca
2277 843 2526 909 Latinis

712 953 800 1019 25
846 956 1120 1022 miscuit.

1121 1140 1789 1213 TESTIMONIA
1844 1141 1978 1212 DE
2045 1142 2496 1216 LUCILIO.
2550 1233 2553 1236 Α

1318 1281 1325 1285 ’
1389 1297 1422 1360 1
1470 1300 1640 1377 [test.
1686 1299 1742 1362 d.
1789 1298 1858 1362 L.
1902 1320 2007 1385 pg.
2061 1301 2210 1379 180]

844 1409 1105 1474 Hieron.
1152 1411 1232 1475 ad
1279 1435 1332 1475 a.
1379 1412 1680 1476 Abrahae
1725 1411 2325 1479 MDOOCLXVIIII
2381 1413 2503 1501 (ita
2548 1416 2935 1480 Amandinus

668 1527 733 1588 et
775 1523 1226 1609 FreherianuS,
1272 1524 1803 1592 MDCCCLXX
1848 1526 1984 1614 rel.)
2030 1528 2312 1594 Lucilius
2359 1529 2753 1614 (Lucullus
2794 1529 2936 1593 Fre-

667 1640 996 1725 herianus)
1041 1644 1232 1725 poeta
1276 1643 1577 1707 nascitur.
1651 1643 1732 1707 id.
1780 1643 1862 1708 ad
1908 1667 1962 1707 a.
2008 1642 2476 1709 MDCCCCXV
2521 1643 2939 1729 (praecedenti

668 1755 1044 1820 adscribunt
1104 1757 1251 1820 libri
1315 1761 1569 1840 praeter
1633 1757 2100 1842 Amandinum)
2160 1757 2228 1822 C.
2291 1758 2573 1824 Lucilius
2640 1760 2936 1845 (Lucius

668 1871 802 1934 cdd.
813 1922 831 1954 ,
886 1875 950 1934 et
994 1872 1087 1935 ita
1132 1873 1302 1956 quod
1348 1874 1453 1936 vix
1499 1875 1761 1938 credent
1813 1875 1940 1937 nisi
1987 1874 2095 1957 qui
2143 1873 2342 1938 oculis
2397 1874 2676 1939 viderint
2720 1874 2937 1940 Schoe-

666 1985 840 2070 nius)
895 1990 1253 2069 satyrarum
1308 1989 1581 2072 scriptor
1634 1988 1911 2073 Neapoli
1965 1989 2235 2052 moritur
2291 2011 2364 2054 ac
2418 1990 2675 2073 publico
2729 1991 2938 2054 funere

667 2101 925 2165 effertur
969 2124 1139 2166 anno
1188 2104 1415 2169 aetatis
1459 2103 1685 2170 XLVI.

1149 2201 1165 2209 “
1579 2232 1586 2254 *
1656 2220 1721 2284 Π
1768 2223 1952 2302 [172]

845 2324 1126 2389 Velleius
1172 2326 1543 2391 Paterculus
1590 2327 1673 2411 II,
1719 2329 1758 2391 9
1808 2328 1884 2391 de
1930 2329 2326 2411 temporibus
2375 2326 2692 2411 Scipionis
2737 2328 2940 2392 Aemi·

666 2440 824 2504 liani
875 2444 1217 2525 postquam
1272 2442 1552 2526 Afranii,
1613 2441 1999 2527 Pacuviique
2054 2445 2118 2506 et
2173 2443 2351 2507 Accii
2407 2443 2796 2507 mentionem
2850 2443 2941 2506 in-

666 2557 837 2621 iecit:
892 2558 1137 2621 celebre
1193 2562 1259 2622 et
1302 2558 1505 2622 Lucili
1550 2582 1789 2623 nomen
1833 2559 1981 2644 fuit,
2030 2532 2138 2643 qui
2186 2559 2304 2622 sub
2360 2557 2591 2623 Publio
2641 2557 2939 2623 Africano

665 2670 1064 2737 Numantino
1113 2673 1280 2738 bello
1328 2696 1520 2758 eques
1565 2675 1968 2738 militaverat.

1640 2789 1739 2853 III
1784 2791 1968 2871 [178]

845 2895 1003 2959 Gell.
1048 2918 1111 2960 n.
1157 2895 1235 2959 A.
1280 2895 1495 2980 XVII,
1542 2899 1654 2980 21,
1699 2898 1785 2961 49
1840 2899 2182 2981 postquam
2229 2896 2495 2961 Catonis
2551 2897 2838 2962 Censorii
2884 2901 2947 2962 et

669 3011 1028 3095 aequalium
1079 3012 1271 3075 huius
1327 3013 1725 3108 mentionem
1776 3012 1950 3096 fecit,
2005 3012 2096 3075 ita
2150 3008 2384 3097 pergit:
2449 3033 2656 3095 neque
2712 3033 2944 3097 magno

666 3127 1003 3191 intervallo
1059 3107 1284 3210 postea
1337 3126 1409 3203 Q.
1462 3127 1718 3192 Ennius
1773 3130 1839 3191 et
1889 3128 2070 3191 iuxta
2123 3126 2434 3191 Caecilius
2495 3129 2563 3190 et
2616 3127 2945 3191 Terentius

667 3246 732 3306 et
784 3242 1052 3307 subinde
1108 3245 1173 3306 et
1216 3241 1530 3310 Pacuvius
1586 3245 1653 3306 et
1695 3242 1974 3307 Pacuvio
2029 3242 2160 3306 iam
2217 3264 2367 3306 sene
2413 3241 2650 3306 Accius
2697 3242 2946 3307 clarior-

668 3380 787 3442 que
832 3362 986 3423 tunc
1040 3357 1258 3443 (tunc
1307 3379 1428 3422 om.
1474 3357 1552 3441 P,
1610 3360 1788 3422 sunt
1839 3380 1920 3421 m.
1969 3358 2010 3421 2
2056 3359 2377 3420 mutatum
2431 3358 2501 3420 in
2546 3356 2700 3421 fuit
2744 3356 2826 3442 R)
2879 3358 2948 3421 in

665 3475 979 3557 poematis
1026 3497 1248 3539 eorum
1294 3473 1727 3539 obtrectandis
1771 3472 2054 3538 Lucilius
2100 3473 2240 3537 fuit.

664 3634 804 3682 haec
840 3634 987 3683 fuere
1024 3635 1115 3699 qui
1150 3651 1247 3699 pro
1284 3634 1590 3684 hexametro
1626 3638 1682 3683 et
1716 3648 1846 3683 vero
1884 3631 2171 3681 Luciliano
2214 3631 2576 3681 venditarent.
2647 3632 2739 3682 sed
2783 3648 2947 3697 neque

668 3701 870 3750 Lucilii
906 3707 1035 3751 sunt
1070 3702 1175 3752 ista
1212 3706 1267 3751 et
1303 3702 1474 3753 multo
1520 3701 1698 3751 minus
1736 3700 2069 3758 hexameter;
2127 3699 2194 3749 cf.
2230 3699 2281 3751 d.
2321 3716 2362 3748 r.
2399 3716 2467 3748 m.
2503 3701 2622 3750 337.
2670 3727 2732 3736 —
2778 3717 2944 3765 neque

667 3768 736 3818 ob
783 3768 944 3817 aliam
990 3784 1209 3820 causam
1261 3770 1424 3820 verba
1476 3774 1664 3850 poetae
1717 3768 1932 3833 quidam
1978 3768 2081 3818 sibi
2124 3782 2415 3829 agnoscere
2462 3772 2590 3815 sunt
2634 3768 2742 3817 visi
2795 3783 2947 3832 quam

669 3835 812 3901 quod
849 3836 1062 3898 Cicero,
1100 3841 1161 3885 ut
1200 3828 1666 3902 ἐμφατικωτερον
1704 3840 1850 3885 esset
1883 3833 2034 3897 illud,
2074 3835 2215 3899 quod
2250 3835 2308 3883 in
2344 3834 2448 3883 fine
2483 3849 2677 3885 sensus
2716 3836 2949 3885 colloca-

667 3904 773 3966 vit,
826 3902 1079 3965 dolore,
1125 3904 1178 3953 id
1213 3904 1281 3953 ab
1319 3905 1590 3955 adiectivo
1637 3920 1735 3954 suo
1781 3903 2006 3953 inmisso
2041 3902 2220 3953 verbo,
2249 3902 2589 3966 segregavit,
2630 3903 2774 3957 sicut
2808 3901 2949 3953 haud

668 3987 793 4022 raro
828 3971 957 4020 fecit
992 3970 1141 4021 alibi.
1297 3971 1478 4021 XXXI
1535 3973 1678 4022 conf.
1716 3986 1855 4035 quae
1889 3971 2197 4021 notavimus
2235 3970 2305 4019 ad
2342 3969 2470 4031 1111,
2510 3972 2589 4018 11.
2740 3969 2948 4020 XXXII

668 4039 810 4106 apud
856 4038 1051 4090 Iulium
1093 4036 1436 4096 Rufinianum
1486 4040 1551 4089 de
1604 4039 1694 4105 fig.
1742 4036 1878 4089 sent.
1923 4043 1976 4087 et
2019 4038 2153 4086 eloc.
2193 4041 2223 4088 6
2275 4036 2530 4101 leguntur
2574 4036 2736 4089 haee:
2792 4030 2948 4100 ἔξου·

667 4098 961 4171 θενισμός.
1034 4105 1206 4170 figura
1242 4105 1375 4155 haec
1410 4105 1493 4166 fit,
1542 4123 1663 4157 cum
1707 4122 1820 4156 rem
1864 4105 2103 4169 aliquam
2139 4110 2489 4155 extenuamus
2535 4108 2588 4156 et
2625 4110 2947 4155 contemtum

665 4175 892 4227 facimus
928 4181 993 4226 ut
1027 4173 1171 4240 apud
1209 4173 1554 4224 Lucilium.
1611 4175 1691 4225 ibi
1715 4173 1981 4226 Gesner-us
2006 4174 2194 4237 reponi
2218 4174 2366 4223 iubet
2399 4171 2566 4237 apud
2601 4174 2949 4223 Horatium

668 4244 733 4292 in
774 4243 1130 4305 Lucilium,
1169 4241 1442 4291 Beckerus
1479 4241 1665 4306 philol.
1705 4242 1765 4304 V,
1802 4244 1899 4292 726
1935 4241 2104 4306 apud
2141 4241 2506 4290 Horatium.
2578 4240 2771 4291 vitium
2809 4240 2949 4289 baud

669 4310 825 4356 flul-rin
873 4316 1042 4360 11111111.
1094 4328 1154 4356 aa
1206 4323 1258 4356 1·st
1306 4309 1443 4368 (1111111
1494 4309 1546 4356 in
1594 4310 1834 4372 margine
1870 4306 2144 4359 adiectum
2193 4312 2310 4358 erat
2344 4307 2650 4372 antiquitus
2686 4309 2948 4373 pertinere

673 4380 881 4428 limam
925 4380 1018 4426 illu.
1054 4380 1118 4424 w!
1154 4376 1445 4428 Lucilium
2229 4400 2237 4407 ·
