3267 5075
651 409 816 465 Acci
855 409 949 464 ET
989 409 1152 465 SUEI
1190 409 1569 466 LIBRORUM
1608 410 1803 475 QUAE
1844 386 2290 464 SUPERSUNT.
2494 409 2615 472 321

498 576 538 647 1,
572 575 632 633 4.
707 581 997 647 mactavit,
1046 576 1316 647 Achilles;
1360 576 1430 632 cf.
1479 576 1536 632 Il.
1583 576 1761 648 xxm,
1808 574 2163 633 615-624,

503 662 541 729 1,
590 660 648 717 5.
723 662 852 717 haec
899 663 1082 718 nescio
1142 679 1209 717 an
1265 660 1331 718 ad
1390 660 1813 735 Clytaemestran
1870 669 2117 734 spectent
2170 659 2256 722 vel
2310 658 2625 736 Eriphylen,

329 763 394 800 ox
438 745 636 818 quibus
684 755 911 819 utraque
954 755 1148 802 nancta
1192 756 1276 802 est
1307 745 1473 802 filium
1507 745 1860 818 matricidam,
1907 746 2002 801 sed
2049 748 2190 802 enim
2230 747 2466 820 propriis
2512 763 2626 802 sce·

330 829 532 885 let-ibus
577 832 786 899 merita,
839 831 957 886 talis
1006 839 1064 885 ut
1111 830 1407 887 obveniret.
2010 827 2015 831 ⁴

501 915 566 985 II,
615 916 669 971 1.
749 924 1050 989 tanguntur
1092 923 1280 990 aperte
1324 910 1525 991 ῥήσεις
1566 907 1873 992 ἆγγελικαί
1922 914 2039 987 (eos
2084 917 2305 972 nuntios
2354 916 2627 990 appellant

329 998 598 1071 Romani),
645 1017 782 1074 quae
827 1000 1139 1073 frequentes
1185 1002 1237 1055 in
1287 1000 1597 1075 tragoediis.

497 1084 573 1155 11,
621 1084 676 1140 2.
762 1087 888 1155 sed,
923 1087 1250 1157 Euripidis,
1319 1093 1452 1159 puto
1524 1088 1718 1157 culpa.
1777 1117 1859 1126 -
1917 1090 2018 1160 qui
2072 1087 2281 1144 choros
2337 1091 2623 1157 temerius,

327 1169 691 1310 isluplilggdum
749 1171 1024 1227 adhibuit.
1094 1201 1178 1210 —
1244 1178 1349 1226 cet.
1410 1170 1555 1225 conf.
1616 1170 1716 1229 Od.
1778 1170 2017 1227 Muelleri
2088 1171 2213 1227 hist.
2268 1171 2375 1227 litt.
2440 1170 2621 1227 Graec.

373 1298 390 1326 ‚
567 1297 581 1309 .

501 1338 627 1409 VIII,
682 1340 736 1395 1.
815 1340 981 1395 Varro
1027 1356 1111 1414 ap.
1160 1339 1299 1397 Non.
1345 1339 1380 1394 I.
1426 1356 1583 1395 mem.
1633 1345 1861 1413 trayica
1907 1344 2136 1398 vincula
2184 1344 2373 1398 baltea
2420 1350 2572 1398 sune.

500 1422 587 1496 lx,
634 1424 710 1479 2.
768 1424 965 1480 Paulus
1028 1424 1142 1481 151
1210 1424 1671 1499 ‘magnificissima
1716 1424 1964 1481 dicebant
2019 1427 2224 1500 antiqui
2274 1445 2375 1500 pro
2421 1428 2624 1500 magni·

329 1507 723 1565 ficentissima’.
2078 1522 2083 1529 “

499 1592 586 1665 ΙΧ,
617 1593 675 1649 3.
743 1593 872 1649 haec
918 1611 1027 1667 quo
1073 1596 1381 1668 pertineant
1417 1596 1705 1650 Incertum.
1753 1625 1836 1635 -—
1881 1603 2196 1669 eqerantur
2238 1613 2338 1670 pro
2385 1604 2625 1669 eyerant

327 1685 558 1740 vestrm
601 1695 686 1752 ap.
735 1677 873 1734 Non.
920 1678 1068 1749 486,
1100 1678 1179 1735 26
1232 1679 1415 1736 Bamb.
1463 1681 1669 1736 naultos
1713 1688 2031 1737 vestrorum
2074 1697 2174 1753 pro
2218 1685 2392 1737 multo
2440 1680 2619 1739 Suro-

326 1781 477 1819 rum.
532 1793 605 1803 —-
653 1762 720 1818 de
765 1767 957 1821 statim
999 1764 1269 1837 producto
1314 1764 1538 1820 videnda
1587 1782 1724 1838 quae
1768 1767 1950 1820 notavi
1995 1765 2056 1819 ad
2082 1766 2232 1820 Ima.
2277 1765 2497 1838 XXVIII,
2544 1764 2621 1822 39

327 1857 381 1902 et
425 1849 485 1903 in
530 1846 669 1903 libro
717 1857 907 1904 nostro
954 1848 1098 1906 348.

493 1933 602 1989 inc.
651 1932 708 1988 3.
757 1933 816 1990 4.
894 1943 1154 2007 quantum
1201 1935 1266 1990 ad
1311 1952 1425 1989 rem
1470 1935 1617 1990 cons.
1668 1934 1871 1990 Bitsch.
1930 1934 1997 1989 de
2042 1934 2235 2007 fabulis
2280 1935 2625 1991 Varronianis

326 2013 510 2073 Plauti
553 2017 879 2073 dissertatio.
925 2050 1010 2059 —
1052 2023 1296 2092 yeminei
1347 2023 1578 2077 leones,-
1632 2037 1717 2093 ap.
1766 2018 1931 2075 Prisc.
1982 2019 2103 2078 697
2159 2020 2292 2075 haec
2343 2020 2625 2076 comoedia

324 2101 481 2158 audit
521 2106 731 2175 qemini
769 2106 1024 2162 lenones.
1114 2104 1182 2160 de
1236 2120 1365 2159 vero
1422 2104 1582 2159 titulo
1628 2105 1762 2160 haec
1805 2103 2206 2160 Lachmannus:
2258 2105 2379 2178 fuit
2435 2112 2624 2161 autem

325 2203 393 2241 ea
440 2188 668 2245 duobus
709 2191 1029 2247 nominibus
1083 2193 1406 2246 coniunctis
1458 2192 1792 2261 appellata,
1850 2206 1923 2247 ne
1968 2197 2069 2247 aut
2114 2190 2481 2247 Menaechmi
2522 2199 2624 2246 aut

317 2266 499 2342 ferae
553 2274 670 2329 dici
722 2275 1072 2331 viderentur.
1120 2305 1200 2316 -
1246 2291 1355 2330 nec
1400 2276 1452 2328 in
1501 2272 1604 2330 tine
1653 2291 1842 2330 versus
1898 2278 2134 2348 positum
2180 2276 2394 2331 videtur
2437 2275 2625 2330 admit·

325 2365 439 2412 tere
487 2359 647 2414 metri
692 2359 917 2415 sotadici
962 2359 1197 2415 licentia.
1242 2390 1327 2401 --
1370 2376 1559 2414 versus
1593 2361 1628 2414 2
1662 2369 1716 2415 et
1749 2359 1786 2416 3
1833 2361 2031 2416 iniecto
2065 2360 2210 2435 quod
2248 2361 2438 2433 scripti
2470 2362 2625 2432 igno-

323 2451 443 2501 rant
491 2447 617 2499 eius
660 2445 730 2498 ita
775 2445 1061 2500 constituit
1104 2444 1225 2500 ille:

497 2591 674 2647 Plauti
720 2591 853 2648 amis
900 2609 1000 2648 nec
1045 2592 1123 2647 bis
1170 2593 1460 2667 conpressa
1506 2591 1608 2649 nec
1651 2591 1871 2649 Boedtia
1917 2593 2031 2649 cius

499 2677 753 2750 umquam
800 2676 903 2732 suit
947 2693 1122 2750 neque
1167 2675 1301 2734 indeo
1347 2678 1612 2752 agroecus
1658 2678 1835 2751 neque
1880 2677 2330 2751 coniui01·icnte3‚

323 2832 384 2879 ut
430 2823 867 2897 monosyllabum
913 2827 984 2880 sit
1027 2825 1158 2880 illud
1200 2826 1338 2898 fuit.
1401 2858 1472 2864 ——
1535 2826 1661 2880 mihi
1708 2824 2008 2899 spondeum
2065 2830 2249 2900 potius
2307 2845 2371 2882 eo
2417 2828 2623 2902 expleri

317 2909 586 2988 yisumst3
634 2925 812 2984 neque
857 2910 999 2965 enim
1045 2909 1306 2984 intellego
1354 2927 1450 2966 cur
1494 2909 1864 2966 Lachmannus
1920 2910 2080 2966 talem
2139 2912 2363 2969 sotadici
2412 2914 2623 2968 numeri

325 3038 554 3092 sormam
611 3004 868 3092 s...C'?,„
911 3038 1088 3093 minus
1144 3037 1436 3112 legitimam
1495 3042 1765 3112 putaverit
1823 3040 1922 3094 hac
1965 3007 2243 3096 scm-.
2289 3070 2370 3079 ψ·-
2434 3038 2627 3095 Macci

330 3119 441 3178 Titi
450 3147 471 3187 ,·
516 3120 663 3177 conf.
710 3118 914 3178 Bitsch.
964 3122 1031 3177 de
1074 3121 1245 3178 Plauti
1293 3130 1487 3197 poetae
1532 3125 1735 3179 nomin.
1785 3141 1974 3197 opusc.

495 3207 874 3281 pragmaticon
918 3224 966 3262 e.
1016 3207 1054 3262 l.
1100 3208 1206 3273 inc.
1243 3209 1296 3264 1.
1375 3209 1504 3263 haec
1535 3206 1694 3263 verba
1723 3209 1997 3264 archaeam
2029 3210 2330 3265 Atticorum
2378 3217 2623 3282 spectant

320 3290 680 3351 comoediam.
769 3290 900 3346 Hor.
945 3300 1049 3347 sat.
1098 3291 1138 3365 1,
1184 3291 1224 3347 4
1269 3294 1510 3364 Eupolis
1554 3300 1728 3366 atque
1775 3293 2047 3351 Cratinus
2088 3293 2624 3367 Aristophanesque

313 3383 533 3447 poetae
592 3383 767 3449 atque
823 3380 926 3433 alii
976 3395 1219 3451 quorum
1276 3380 1564 3436 comoedia
1607 3382 1809 3449 prisca
1868 3384 2203 3448 virm-ramst,
2260 3382 2438 3450 siquis
2495 3386 2624 3433 erat

320 3464 532 3535 diymcs
578 3462 847 3534 describi,
890 3466 1045 3536 quod
1082 3464 1272 3520 malus
1314 3480 1388 3519 ac
1427 3463 1537 3535 fur
1581 3480 1629 3518 e.
1679 3481 1729 3536 q.
1776 3482 1822 3518 s,

496 3563 566 3619 ad
610 3566 800 3638 script.
844 3581 890 3621 r.
939 3582 989 3620 v.
1035 3583 1089 3639 q.
1136 3584 1221 3640 sp.
1261 3568 1320 3623 1.
1395 3582 1604 3621 errasse
1651 3564 2035 3632 Quintilianum
2082 3564 2336 3621 Varronis
2385 3575 2442 3620 ut
2488 3576 2620 3639 puto

324 3649 644 3705 testimonio
702 3649 837 3705 male
892 3649 1171 3707 intellecto
1229 3651 1414 3706 docuit
1467 3649 1791 3707 Bitschelius
1849 3667 1962 3724 cap.
2012 3650 2075 3705 III
2123 3651 2367 3723 opusculi
2415 3650 2482 3706 de
2529 3653 2623 3705 mi·

321 3733 481 3790 liario
529 3732 830 3807 Popilliano
877 3733 1054 3807 deque
1099 3737 1482 3809 epigrammate
1528 3735 1737 3790 Sorano
1792 3752 1924 3809 pgg.
1973 3735 2252 3804 22-·30;
2311 3736 2402 3808 qui
2445 3737 2621 3810 ipsum

319 3821 510 3890 potius
560 3820 777 3875 Accium
835 3818 1105 3875 scribendi
1162 3822 1358 3893 moris,
1417 3835 1574 3893 quem
1624 3821 1799 3894 tangit
1855 3818 1950 3893 Q.,
2007 3829 2287 3876 auctorem
2348 3820 2513 3876 suissc
2570 3829 2623 3874 et

318 3903 579 3977 exemplo
636 3904 753 3958 eius
810 3906 1056 3978 coepisse
1102 3905 1350 3962 homines
1408 3906 1682 3979 geminare
1730 3904 1941 3960 vocales
1984 3906 2123 3961 circa
2178 3922 2224 3960 a.
2276 3923 2326 3960 u.
2378 3907 2425 3960 c'.
2477 3904 2621 3972 620,

318 3988 535 4043 desisse
581 3987 763 4062 paullo
794 3997 921 4062 post
952 3988 1095 4060 680,
1143 4006 1265 4045 cum
1295 3990 1466 4064 ipsius
1497 3990 1642 4045 Accii
1688 3998 1833 4044 aetas
1864 3990 2119 4045 conclusa
2150 3991 2298 4045 esset
2340 3990 2453 4045 sere
2483 3991 2621 4046 intra

317 4072 447 4130 582
482 4081 539 4128 et
574 4073 716 4145 670,
749 4075 942 4147 partIm
988 4077 1459 4149 grammaticorum
1503 4083 1767 4145 veterum,
1814 4077 2003 4148 partim
2036 4075 2446 4148 inscriptionum
2477 4090 2623 4129 com·

319 4157 578 4230 probavit
626 4156 747 4213 fide.
836 4167 1116 4233 praeterea
1173 4161 1384 4215 monuit
1429 4159 1753 4215 Bitschelius
1799 4176 1890 4232 pg.
1942 4158 2020 4215 33
2067 4175 2271 4214 morem
2315 4158 2621 4232 geminandi

319 4242 539 4298 vocales
587 4259 764 4315 neque
809 4244 874 4299 ad
919 4246 934 4299 i
986 4246 1315 4317 pertinuisse
1360 4242 1482 4317 (pro
1530 4260 1634 4316 qua
1680 4243 2038 4299 aemulatione
2084 4242 2409 4299 Graecorum
2452 4251 2620 4316 ponet

321 4326 451 4383 bant
495 4322 568 4396 ei)
617 4339 717 4382 nec
760 4328 825 4384 ad
857 4344 922 4398 ⁰3
969 4345 1201 4403 eumque
1232 4345 1435 4385 morem
1466 4329 1681 4386 Accium
1717 4324 1983 4384 Oscorum
2015 4327 2261 4404 exemplo
2308 4327 2562 4401 (qui-nec
2604 4330 2619 4381 i

319 4411 670 4484 geminabant
718 4412 781 4467 ad
815 4414 1223 4487 'exprimendam
1280 4413 1495 4487 longam
1550 4420 1605 4468 et
1653 4431 1684 4467 o
1728 4413 1908 4469 littera
1966 4411 2240 4484 carebant)
2299 4412 2620 4469 instittiisse=

431 4513 477 4550 C.
507 4511 662 4550 Lucili
695 4515 833 4550 catur.
862 4512 940 4549 rel.
2124 4517 2187 4564 21
