3267 5075
774 343 1303 447 QUAEsTiONUM
1339 380 1902 435 LUCILIANARUM
1938 379 2171 434 LIBER.
2422 387 2618 447 XXIX

319 553 568 627 quantis
606 571 645 610 a
681 551 866 610 simiis
906 550 1034 609 eius
1074 553 1215 609 sunt
1251 550 1424 608 elata.
1494 569 1633 608 nam
1671 552 1741 608 ut
1777 549 2069 625 quaedam
2095 548 2245 608 vitia
2281 551 2624 608 saturarum

318 659 549 736 insigni
593 658 879 717 felicitate
917 660 1059 716 sunt
1093 659 1415 733 persanata
1461 648 1559 737 (in
1594 656 1812 732 quibus
1850 658 1945 715 est
1978 656 2156 731 plane
2202 655 2402 716 divino
2448 655 2624 715 modo

320 769 605 825 curatum
630 765 781 823 illud
807 765 1018 837 multos
1039 754 1476 843 Titoszuoios),
1505 764 1592 822 ita
1614 783 1735 823 non
1754 763 1986 836 desunt„
2016 781 2169 838 quae
2197 781 2333 821 cum
2360 763 2437 821 ab
2466 762 2624 822 omni

319 873 588 932 traditae
616 874 946 949 scripturae
974 871 1092 930 fide
1108 872 1297 948 ,longe
1322 847 1608 929 recedant
1633 870 1801 930 obid
1828 871 2027 945 ipsum
2050 869 2491 945 probabilitatis
2519 871 2628 928 aut

320 999 542 1056 parum
567 980 832 1040 habeant
858 982 967 1038 aut
1002 979 1166 1052 nihil,
1205 996 1313 1038 nec
1341 977 1549 1054 magis,
1581 977 1686 1035 ubi
1724 977 1847 1036 sive
1876 976 2089 1035 Lucilii
2129 977 2253 1035 sive
2282 976 2627 1052 grammati-

319 1106 548 1161 corum,
588 1087 693 1163 qui
728 1086 988 1146 afferunt
1024 1105 1108 1160 ea,
1149 1086 1333 1146 verba
1370 1088 1477 1144 aut
1510 1085 1731 1160 legisse
1760 1103 1972 1159 parum
2009 1087 2284 1143 accurate
2321 1085 2429 1142 aut
2457 1101 2625 1143 secus

319 1195 537 1270 utique
567 1193 892 1269 explicasse
916 1193 1370 1252 Lachmannum
1397 1194 1700 1268 appareat.
1757 1194 1960 1249 tamen
1987 1191 2164 1249 laude
2193 1191 2439 1266 dignum
2468 1190 2627 1266 quod

318 1301 556 1375 primus
593 1301 780 1360 libere
816 1299 1121 1376 professus
1159 1302 1253 1358 est
1289 1318 1407 1359 non
1434 1317 1610 1374 posse
1640 1297 1854 1356 Lucilii
1889 1298 2229 1373 fragmenta
2258 1297 2404 1356 satis
2434 1315 2628 1355 emen-

319 1405 457 1465 dari
488 1407 616 1466 sine
643 1407 823 1484 longo
851 1426 967 1466 usu
996 1411 1059 1467 et
1085 1403 1368 1467 continua
1392 1405 1646 1464 lectione
1676 1404 1870 1464 Nonii.

505 1513 705 1590 Igitur
742 1533 813 1573 ea
848 1514 975 1572 fere
1012 1516 1259 1595 conatus
1289 1511 1657 1571 Lachmanni
1683 1511 1862 1570 laude
1900 1511 2627 1588 dign08,existimabimus‚

318 1625 394 1679 ut
432 1621 757 1696 proximus,
800 1622 978 1698 longo
1008 1623 1210 1680 tamen
1251 1620 1554 1695 proximus
1586 1619 1929 1692 intervallo,
1969 1619 2045 1678 ad
2082 1619 2318 1679 Dousae
2357 1624 2419 1679 et
2451 1619 2630 1680 Scali-

317 1728 460 1804 geri
487 1729 705 1787 merita
731 1728 1049 1788 accessisse
1078 1728 1324 1802 dicatur,
1364 1745 1512 1803 quos
1540 1728 1746 1785 tamen
1782 1729 2111 1786 metrorum
2149 1745 2292 1785 cura
2320 1745 2387 1784 ac
2414 1727 2631 1802 peritia

320 1835 656 1911 superavit.

506 1942 638 2002 Hoc
664 1941 950 2002 iudicium
978 1942 1053 2000 de
1072 1940 1440 2001 Lachmanni
1469 1941 1682 2001 studiis
1703 1939 2028 1998 Lucilianis
2057 1942 2127 1998 ut
2154 1940 2470 1999 candidum
2499 1959 2629 2000 esse

318 2069 393 2110 ac
421 2069 637 2111 verum
664 2049 837 2109 facile
865 2052 1192 2126 agnoscent
1221 2048 1658 2108 existimatores
1686 2047 1829 2123 apti,
1870 2067 1939 2107 eo
1966 2049 2303 2123 promptius
2342 2051 2472 2107 erat
2498 2067 2631 2125 pro-

318 2158 656 2231 ferendum,
697 2175 772 2215 ne
802 2159 864 2216 et
889 2156 1004 2232 ipsi
1039 2157 1103 2214 in
1139 2156 1383 2215 colendo
1425 2155 1530 2215 illo
1566 2155 1821 2231 probare
1858 2155 2199 2215 videremur
2235 2174 2369 2214 eam
2397 2153 2630 2215 εἰδωλο-

318 2263 614 2342 λατρείαν,
644 2283 797 2340 quae
825 2263 1152 2339 plurimum
1178 2265 1383 2323 nostro
1412 2265 1681 2338 tempore
1710 2263 1982 2321 veritatis
2019 2262 2216 2321 studio
2246 2236 2464 2336 offecit*
2495 2281 2631 2320 cum

320 2371 686 2448 praesertim
721 2370 880 2429 inter
908 2368 1234 2430 Germanos
1271 2370 1541 2445 plerique
1580 2369 1695 2428 etsi
1722 2369 1881 2427 idem
1920 2369 2188 2428 sentiunt
2226 2372 2429 2428 tamen
2465 2371 2631 2427 metu

320 2499 400 2539 ne
439 2480 722 2554 promant
757 2477 1202 2553 prohibeantur.
1269 2478 1429 2536 certe
1467 2475 1626 2552 apud
1656 2475 1950 2536 Borussos
1989 2495 2059 2538 eo
2096 2494 2191 2536 res
2232 2476 2471 2537 devenit
2503 2473 2631 2534 Ols-

321 2587 804 2662 hauseni,culpa
843 2587 941 2646 vel
982 2585 1181 2660 potius
1226 2602 1429 2644 eorum
1475 2584 1578 2659 qui
1625 2587 1966 2659 temperant
1991 2568 2308 2643 ⁸hominem
2353 2583 2628 2659 propriae

321 2694 661 2756 voluntatis
698 2693 1039 2769 propriique
1079 2694 1381 2767 expertem
1417 2691 1633 2764 iudicii,
1674 2693 1744 2750 ut
1777 2678 2131 2767 quicumque
2166 2691 2228 2749 in
2255 2690 2475 2749 litteris
2506 2690 2631 2751 sive

324 2802 575 2861 Graecis
625 2802 724 2862 vel
759 2800 989 2860 Latinis
1029 2799 1156 2859 sive
1193 2797 1561 2857 Germanicis
1603 2798 1972 2856 Lachmanni
2014 2817 2246 2858 errores
2288 2798 2628 2871 confutarit,

325 2912 382 2969 ei
411 2929 553 2986 spes
584 2908 668 2968 sit:
692 2907 999 2967 abicienda
1026 2904 1448 2982 professoriam
1477 2905 1834 2981 dignitatem
1861 2905 1945 2963 ibi
1974 2905 2297 2981 optinendi.

508 3015 795 3076 Ceterum
834 3012 1202 3074 Lachmanni
1253 3031 1425 3072 curas
1467 3011 1808 3071 Lucilianas
1849 3013 2106 3087 propriis
2155 3011 2368 3071 studiis
2410 3011 2632 3072 fovisse

325 3125 740 3201 Augustum
776 3121 1212 3182 Boeckhium
1248 3119 1434 3179 refert
1468 3118 1748 3178 Hertzius
1785 3119 1848 3178 in
1884 3104 2011 3179 {rita
2046 3118 2209 3177 illius
2246 3139 2345 3196 pg.
2378 3120 2532 3196 2413
2573 3121 2634 3178 et

326 3231 576 3291 memini
611 3229 759 3288 mihi
794 3229 1113 3305 aliquando
1141 3226 1508 3289 Boeckhium
1545 3227 1802 3286 scribere
1841 3227 1915 3286 de
1944 3245 2015 3286 ea
2041 3246 2123 3286 re.
2184 3227 2256 3284 de
2284 3245 2403 3302 qua
2430 3229 2634 3285 tamen

200 3354 207 3359 ·
326 3339 506 3398 aliter
532 3337 687 3397 nihil
712 3336 883 3398 nobis
911 3336 1188 3396 innotuit.

506 3418 733 3505 Parum
769 3444 1002 3503 fructus
1038 3443 1209 3504 nobis
1249 3444 1505 3502 attulere
1544 3441 1940 3518 Augustini
1967 3441 2299 3500 Fuerthii
2338 3442 2633 3517 quaestio·

328 3570 432 3611 nes
462 3551 810 3613 Lucilianae
838 3550 1081 3611 Bonnae
1110 3570 1161 3610 a.
1188 3551 1373 3623 1865,
1419 3550 1522 3609 sed
1551 3550 1817 3629 profecto
1845 3550 1966 3607 iam
1996 3548 2264 3623 Lipsiam
2291 3546 2629 3620 Bitscheli0,

331 3660 543 3733 editae,
585 3678 838 3735 quarum
867 3658 1096 3718 auctori
1123 3675 1315 3732 neque
1343 3659 1656 3731 poetarum
1684 3654 2038 3743 Latinorum
2068 3656 2213 3715 satis
2243 3654 2505 3730 amplam
2532 3654 2633 3713 ad-

331 3766 515 3826 fuisse
553 3765 833 3842 peritiam
869 3767 1123 3841 apparet
1157 3782 1349 3840 neque
1389 3764 1533 3823 satis
1571 3763 1870 3839 profuisse
1914 3782 1984 3822 ea
2024 3782 2177 3839 quae
2213 3762 2630 3836 Lachmannus

331 3891 602 3948 quaeque
631 3892 740 3932 nos
770 3873 843 3931 de
872 3871 1098 3932 Lucilio
1129 3871 1573 3946 scripseramus,
1691 3903 1709 3919 x

507 3978 731 4039 Omnes
750 3980 1027 4055 deinceps
1054 3979 1238 4038 libros
1259 3978 1477 4037 Lucilii
1504 3978 1788 4037 tractavit
1815 3976 2114 4038 Carolus
2145 3975 2632 4037 Franckenius

332 4086 933 4165 commentationibus
974 4085 1222 4158 duabuS‚
1270 4104 1423 4161 quae
1458 4084 1721 4167 insertae
1758 4085 1905 4145 actis
1941 4085 2299 4144 Academiae
2337 4083 2633 4143 Amstelo-

332 4194 630 4254 damensis
650 4212 790 4254 mox
816 4193 892 4252 ab
910 4193 1040 4268 ipso
1069 4192 1357 4268 scriptore
1377 4192 1623 4252 comiter
1642 4194 1717 4251 ad
1742 4212 1849 4252 nos
1870 4194 2012 4251 sunt
2030 4191 2432 4251 transmissae.
2475 4188 2634 4249 hunc

331 4301 525 4360 virum
553 4300 767 4377 quanti
783 4300 1041 4359 facerem
1078 4302 1148 4358 ut
1183 4298 1420 4375 saepius
1450 4299 1750 4358 declaravi
1777 4299 1931 4359 libro
1961 4318 2030 4359 eo
2060 4317 2238 4374 quem
2271 4298 2341 4356 de
2371 4297 2633 4357 classicis
2662 4312 2667 4317 ·

332 4407 850 4468 Nederlandorum
870 4405 1083 4466 studiis
1102 4406 1420 4482 composui,
1441 4406 1528 4465 ita
1553 4425 1663 4481 pro
1692 4406 1964 4467 veritatis
1986 4406 2198 4479 studio,
2220 4404 2378 4481 quod
2399 4422 2635 4480 sem-per
