3267 5075
1268 367 1486 420 LIBER
1524 367 1720 421 xxvi.
1943 348 1959 362 '
2559 368 2647 431 85

1229 527 1499 592 XLVIII
1548 527 1684 615 [26]
1717 531 1759 612 β

528 646 810 706 veterem
847 645 1181 708 historiam
1220 644 1516 708 inductus
1556 646 1768 708 studio
1809 646 2034 709 scribis
2073 647 2154 709 ad
2193 668 2440 710 amores
2476 649 2640 710 tuos,

1237 745 1465 822 'XLIX
1515 761 1653 840 [10]
1686 784 1727 823 α

527 927 565 936 -
591 918 751 938 mn,
846 876 943 957 ut,
991 875 1045 937 si
1092 874 1362 938 eloviem
1408 875 1615 939 faeere
1662 897 1776 958 per
1822 879 2111 940 ventrem
2157 877 2359 959 velisj

387 989 480 1053 60
529 990 726 1053 sudor
772 1011 838 1054 se
885 989 1183 1053 omnibus
1231 990 1511 1054 distento
1558 1012 1823 1074 corpore
1870 991 2119 1073 expirat
2162 992 2302 1057 viis.

1255 1104 1306 1168 L
1355 1104 1493 1189 [VI,
1542 1106 1608 1186 6]
1641 1106 1729 1188 β*

525 1280 565 1288 -
593 1270 873 1290 υυυυυ
920 1221 974 1283 si
1019 1220 1123 1283 hie
1170 1223 1556 1284 vestimenta
1601 1220 1798 1285 elovit
1844 1222 2012 1304 luto,

527 1334 688 1398 adeo
734 1334 933 1398 risum
979 1355 1288 1419 magnum
1335 1335 1682 1419 inprudens
1732 1358 1805 1400 ae
1851 1337 2144 1401 cacinum
2191 1338 2442 1402 subicit.

1356 1450 1441 1514 LI
1488 1452 1626 1531 [30]

523 1566 812 1630 munifici
856 1589 1194 1651 comesque
1241 1566 1461 1630 amieis
1508 1567 1750 1630 nostris
1797 1567 2126 1632 videamur
2170 1569 2308 1634 viri.

1344 1680 1475 1766 ‚LII
1524 1683 1617 1762 [4]

526 1798 610 1862 ad
654 1798 989 1861 libertinus
1036 1796 1383 1879 TricoriUS,
1431 1795 1627 1880 Syrus
1676 1798 1812 1881 ipse
1860 1821 1933 1863 ae
1980 1800 2331 1882 mastieiaS‚

384 1915 475 1979 65
524 1914 783 1998 quicum
828 1912 1181 1996 versipellis
1228 1913 1314 1976 fio
1362 1916 1426 1976 et
1449 1899 1728 1997 'quicum
1774 1917 2076 1978 conmuto
2124 1916 2356 1978 omnia.

1319 2028 1469 2092 Lm
1517 2030 1657 2110 [60]

522 2144 1037 2230 quandoquidem
1064 2145 1315 2227 reperti
1362 2145 1615 2230 magnis
1664 2145 2098 2209 conbibonum
2145 2167 2222 2209 ex
2267 2147 2485 2230 copiis.

335 2324 558 2374 rentius
596 2347 656 2355 —-
698 2322 770 2374 M.
795 2321 1007 2372 Tullius
1045 2347 1104 2355 —-
1144 2321 1449 2372 Lucilius
1486 2322 1579 2371 lib.
1619 2322 1817 2371 XXVI.
1958 2322 2192 2371 XLVIII
2250 2323 2388 2373 Non.
2416 2327 2535 2387 330,
2569 2327 2629 2374 13

337 2391 578 2442 induci
630 2389 908 2439 delectari.
998 2389 1312 2440 Lucilius
1363 2389 1456 2442 lib.
1509 2390 1694 2439 XXVI
1743 2387 1885 2455 (lib.
1934 2389 2143 2439 XXVI
2191 2407 2294 2440 om.
2342 2391 2428 2454 A).

334 2459 522 2508 XLIX
581 2458 794 2507 Nonius
839 2460 930 2518 38,
969 2460 1035 2507 26
1081 2473 1122 2511 s,
1160 2473 1209 2505 v,
1264 2457 1573 2521 expirare
1618 2485 1678 2493 -—
1730 2457 2036 2508 Lucilius
2085 2458 2177 2507 lib.
2226 2458 2309 2508 111
2355 2485 2420 2493 -
2465 2459 2631 2509 idem

336 2526 542 2577 XXVI.
595 2553 649 2561 —-
703 2525 840 2575 idem
881 2528 1002 2588 103,
1039 2529 1104 2575 32
1152 2525 1440 2575 eloviem
1490 2525 1627 2585 (cdd.
1675 2525 1988 2588 eloviem)
2035 2526 2433 2590 purgationem.
2501 2528 2628 2578 Lu-

335 2595 551 2646 cilius
587 2594 681 2643 lib.
720 2593 899 2642 XXVI
936 2599 999 2643 ut
1034 2621 1099 2629 —
1134 2593 1290 2644 velis.
1495 2595 1541 2642 L
1595 2594 1733 2643 Non.
1777 2597 1900 2657 103,
1937 2597 2003 2644 29
2059 2594 2270 2645 elevit
2316 2596 2629 2646 maculavit.

334 2663 657 2714 Lucilius
702 2659 798 2711 lib.
838 2661 1019 2711 XXVI
1063 2660 1163 2725 (ita
1200 2662 1314 2722 Sc.,
1364 2660 1458 2711 lib.
1493 2661 1580 2711 VI
1625 2661 1768 2725 cdd.;
1822 2662 1890 2713 cf.
1935 2668 1990 2712 et
2025 2663 2282 2712 Kettneri
2326 2662 2420 2713 lib.
2470 2664 2628 2714 scho-

336 2730 525 2782 lastici
561 2745 719 2795 quem
754 2729 1064 2779 memorabo
1110 2729 1166 2778 in
1204 2730 1350 2780 notis
1385 2729 1455 2778 ad
1499 2728 1533 2778 1.
1569 2729 1726 2777 XXX
1761 2744 1849 2795 pg.
1892 2729 1994 2791 16).
2135 2731 2209 2780 LI
2267 2730 2407 2779 Non.
2446 2733 2527 2793 23,
2569 2735 2630 2782 10

335 2813 565 2850 munes
613 2798 714 2858 (ita
749 2797 923 2859 docti3
969 2812 1197 2847 mones
1235 2793 1373 2863 edd.)
1418 2800 1552 2862 aput
1595 2802 1808 2847 veteres
1853 2798 2174 2848 dicebantur
2221 2813 2329 2848 11011
2374 2797 2513 2861 largi
2556 2798 2628 2863 (V.

336 2932 582 2970 nonam
627 2915 955 2979 largiatia
1015 2889 1326 2979 (largftia
1373 2915 1449 2975 G)
1506 2917 1744 2978 ignota
1796 2914 1995 2977 erat),
2052 2915 2150 2965 sed
2208 2915 2625 2966 consentientes

335 2987 406 3036 ad
452 3000 517 3035 ea
566 2999 704 3048 quae
752 2985 912 3033 amici
954 2982 1148 3034 velint.
1226 2983 1499 3034 Pacuvius
1544 2982 1863 3033 Duloreste:
1925 2984 2268 3048 animumque
2314 2981 2340 3008 ²¹¹
2374 2979 2401 3007 *
2436 2980 2462 3008 '¹‘
2509 2983 2625 3033 Sal-

332 3054 540 3105 lustius
579 3052 635 3099 in
671 3051 958 3113 Iugurtha:
996 3066 1119 3100 nam
1155 3051 1434 3100 etiamtum
1473 3050 1695 3113 largitio
1731 3051 1920 3100 multis
1944 3049 2134 3114 ignota
2157 3055 2278 3099 erat
2316 3049 2452 3110 (cdd.
2491 3053 2627 3101 ani-

334 3137 496 3172 mum
535 3124 868 3185 quactum
908 3118 1193 3182 largitio
1230 3118 1460 3168 multis
1496 3119 1734 3183 ignota
1774 3119 1979 3179 erat);
2017 3117 2301 3168 munificus
2338 3134 2492 3168 nemo
2529 3136 2626 3183 pu-

336 3190 561 3240 tabatur
595 3186 702 3236 nisi
744 3187 948 3250 pariter
982 3186 1190 3237 volens.
1259 3185 1574 3236 Lucilius
1612 3184 1704 3238 lib.
1742 3185 1941 3236 XXVI.
2138 3187 2243 3236 LII
2298 3187 2437 3238 Non.
2475 3187 2558 3247 38,
2594 3189 2626 3235 6

332 3252 766 3320 versipelles
813 3254 949 3304 dieti
995 3258 1123 3305 sunt
1167 3253 1407 3319 quolibet
1449 3268 1647 3317 genere
1701 3269 1760 3304 se
1814 3258 2222 3305 commutantes,
2316 3253 2626 3303 Lucilius

331 3326 427 3379 lib.
467 3321 668 3372 XXVI.
873 3322 1005 3371 LIII
1063 3322 1201 3372 Non.
1238 3320 1333 3382 38,
1375 3324 1430 3370 11
1489 3321 1904 3371 conbibones
1952 3321 2414 3384 (combibones
2459 3321 2625 3383 docti,

332 3391 787 3443 conviviones
830 3389 1045 3450 Bamb.‚
1082 3388 1154 3451 G,
1193 3390 1239 3437 L
1281 3393 1302 3436 1
1342 3404 1413 3437 m.
1455 3392 1508 3451 1,
1553 3388 1694 3437 idem
1730 3391 1760 3437 2
1805 3388 2243 3452 convivones)
2299 3394 2623 3452 conpotores

332 3460 857 3526 (conputatores
905 3457 1112 3521 Bamb.)
1159 3473 1192 3507 a
1238 3456 1467 3507 bibendo
1513 3457 1665 3507 dicti.
1744 3457 2054 3506 Lucilius
2098 3455 2191 3508 lib.
2240 3455 2435 3505 XXVI.

507 3617 588 3683 58
635 3618 752 3673 hist
796 3618 860 3673 G.
1079 3614 1159 3673 59
1214 3618 1259 3672 si
1306 3636 1408 3673 om.
1467 3618 1595 3673 cdd.
1647 3617 1784 3674 103.
1842 3648 1922 3656 —
1980 3616 2205 3672 eloviem
2251 3618 2346 3689 M,
2401 3617 2623 3673 eleviem

333 3708 465 3762 cdd.
513 3702 660 3775 103,
704 3704 850 3759 idem
896 3700 976 3757 38
1023 3701 1272 3758 eluviem.
1319 3732 1389 3741 -
1444 3709 1662 3757 ventum
1721 3706 1930 3773 scripti
1973 3700 2111 3757 103.
2330 3702 2412 3759 60
2455 3702 2625 3759 sudor

331 3807 393 3846 se
441 3820 518 3829 —-·
569 3789 774 3861 expirat
818 3787 901 3859 M,
945 3803 1134 3842 curare
1189 3817 1253 3826 ——
1306 3788 1512 3860 expiret
1557 3788 1686 3844 cdd.
1735 3818 1808 3825 —
1857 3787 1954 3841 viis
2001 3805 2074 3858 v.,
2122 3787 2196 3841 vis
2244 3790 2465 3859 scripti.

332 3875 409 3931 61
461 3874 629 3931 elovit
672 3872 755 3944 M,
800 3871 961 3927 elevit
1005 3872 1129 3927 cdd.
1333 3871 1411 3927 62
1458 3870 1590 3927 adeo
1637 3872 1730 3943 M,
1777 3870 1840 3926 ab
1885 3888 1951 3927 eo
1998 3889 2045 3927 v.
2091 3902 2174 3911 -—
2218 3872 2516 3946 inprudens
2562 3878 2658 3927 ae·

2128 3963 2165 4006 N
2191 3978 2248 4010 m.
2275 3968 2300 4005 2

328 4029 573 4084 cacinum
640 4026 731 4097 M,
798 4024 862 4079 ad
927 3982 1243 4081 egelninntlm
1306 4024 1600 4097 inprudens
1684 4025 1764 4097 G,
1837 4024 1901 4079 ad
1973 4024 2251 4082 chaeinum
2324 4022 2619 4098 inprudens

328 4113 376 4169 L
423 4113 481 4169 1.
659 4109 740 4166 64
786 4111 1017 4165 tricosus
1064 4110 1251 4180 Secu„
1296 4113 1420 4164 sine
1465 4126 1668 4165 causa.
1716 4140 1794 4149 —-
1841 4109 1991 4164 Sir-us
2044 4110 2168 4165 cdd.
2216 4139 2294 4147 —
2342 4108 2406 4163 ad
2451 4110 2618 4179 idem,

331 4215 394 4253 ae
438 4197 595 4254 Seal.
644 4226 727 4234 —
771 4196 1039 4250 masticias
1084 4198 1305 4265 scripli,
1354 4194 1628 4267 mastigias
1677 4214 1726 4253 v.
1931 4192 2010 4250 65
2055 4201 2329 4250 commuto
2376 4192 2442 4258 G.

333 4281 413 4338 66
460 4281 667 4353 reperti
711 4279 798 4349 M,
845 4280 1059 4352 repperi
1102 4280 1240 4335 libri
1251 4299 1266 4347 3
1315 4279 1577 4350 fortasse
1633 4296 1721 4335 res
1767 4280 1943 4353 periit.
1986 4308 2073 4318 —-
2114 4276 2495 4334 combibonum
2542 4296 2616 4350 v.,

334 4367 682 4422 convivorum
726 4367 947 4436 scripti.
