3267 5075
782 363 1315 429 QUAEsrloNUM
1351 341 1910 418 LUCILIA'NARUM
1949 363 2183 418 mssa.
2494 371 2627 431 xm

324 552 541 608 nempe
569 534 646 592 ob
674 534 737 591 id
764 536 961 610 ipsum
988 534 1344 607 Ribbeokiis,
1383 534 1668 607 Iordanis
1700 534 1833 592 aliis
1863 534 2021 592 haud
2050 534 2269 608 pauciS,
2305 535 2410 624 gui
2438 554 2632 610 nuper

328 641 444 700 sibi
472 642 863 715 sumpserunt
897 640 1239 717 fragmenta
1265 623 1587 700 ¹auctorum
1627 641 1707 700 M.
1751 641 1947 700 Tullio
1990 640 2257 715 priorum
2297 643 2624 717 tractanda,

325 751 453 806 tam
479 743 796 806 malerem
824 747 1074 806 cessisse
1102 748 1391 822 existimo,
1430 747 1571 824 quia
1597 767 1718 808 non
1745 750 1918 807 erant
1953 766 2072 823 qua
2107 748 2357 807 decebat
2383 750 2628 826 scripto-

325 874 477 926 rum,
507 853 727 929 quibus
755 853 1041 929 pleraque
1066 855 1457 931 reliquiarum
1482 855 1724 914 illarum
1752 848 2145 927 continentur,
2187 854 2403 914 imbuti
2430 859 2627 933 cogni-

327 962 505 1034 tione,
547 960 815 1019 omnium
850 964 1055 1020 autem
1079 963 1323 1021 minime
1350 962 1544 1034 Nonii,
1583 961 1690 1037 qui
1724 962 1887 1020 solus
1915 962 2120 1036 plures
2159 962 2422 1023 servavit
2448 982 2627 1038 quam

327 1066 514 1126 ceteri
543 1085 768 1126 omnes.
811 1099 887 1108 —
928 1068 992 1126 in
1019 1069 1196 1128 huius
1224 1069 1414 1145 igitur
1430 1067 1810 1143 potissimum
1836 1067 2142 1143 ingenium
2169 1070 2301 1126 erat
2326 1069 2628 1130 insinuan-

325 1175 487 1248 dum,
529 1173 709 1232 husius
739 1174 1097 1251 scriptorum
1122 1176 1277 1235 ratio
1306 1195 1425 1235 non
1453 1175 1813 1251 primoribus
1850 1174 2008 1250 quod
2037 1174 2207 1234 aiunt
2232 1176 2416 1235 labris
2446 1177 2628 1253 degu-

325 1282 544 1354 standa
573 1281 678 1340 sed
706 1282 946 1356 penitus
976 1283 1319 1357 haurienda,
1358 1283 1614 1358 denique
1641 1282 1769 1341 fata
1797 1282 2060 1357 sylloges
2089 1282 2234 1355 eiuS,
2272 1301 2424 1358 quae
2453 1284 2629 1343 libra-

323 1390 555 1449 riorum
591 1388 906 1447 fraudibus
946 1388 1144 1463 subiit,
1191 1389 1366 1464 plene
1404 1389 1798 1466 percipienda.
1847 1419 1923 1428 —-
1972 1390 2034 1446 et
2068 1389 2352 1465 pleraque
2389 1391 2628 1466 quidem

324 1497 446 1555 iam
474 1496 629 1559 alias
659 1513 866 1554 sumus
893 1498 1033 1571 apte
1061 1495 1387 1573 persecuti;
1416 1515 1573 1555 nunc
1600 1514 1792 1571 pauca
1817 1494 2185 1570 perlustrare
2215 1499 2310 1555 sat
2336 1516 2529 1574 agam.

504 1603 723 1679 Itaque
760 1603 833 1662 de
870 1602 1132 1662 stultitia
1166 1602 1347 1664 Nonii
1383 1604 1577 1663 dicere
1613 1605 1753 1678 post
1789 1620 1860 1660 ea
1896 1621 2046 1677 quae
2084 1602 2187 1662 alii
2224 1622 2491 1680 quaeque
2520 1625 2627 1665 nos

324 1712 398 1769 de
428 1710 643 1770 eadem
670 1709 1008 1769 monuimus
1036 1729 1155 1771 non
1180 1711 1301 1769 iam
1327 1729 1476 1786 opus
1496 1710 1710 1770 visum.
1759 1710 2028 1783 eundem,
2059 1713 2130 1769 ut
2156 1710 2423 1770 abundat
2449 1713 2626 1786 vitiis,

324 1837 399 1877 ne
417 1818 707 1876 metricae
728 1816 966 1892 quidem
994 1816 1081 1875 rei
1109 1821 1205 1875 sat
1231 1817 1417 1876 fuisse
1444 1817 1706 1893 peritum
1735 1817 2041 1875 declarant
2066 1836 2281 1893 graves
2310 1817 2540 1893 aliquot
2567 1818 2627 1876 in

324 1925 505 1983 rebus
551 1924 630 1982 ad
673 1922 1011 1998 prosodiam
1034 1911 1460 1999 ‘spectantibus
1502 1923 1804 1983 commissi
1845 1941 2094 1983 errores
2167 1925 2324 1999 quod
2367 1943 2502 1982 cum
2542 1925 2629 1983 ita

323 2032 565 2103 habeat,
604 2030 765 2089 felici
801 2031 1042 2089 hercule
1079 2048 1220 2088 casu
1261 2030 1491 2104 accidit,
1533 2032 1605 2089 ut
1647 2033 1709 2088 et
1748 2029 2013 2098 fontibus
2057 2031 2315 2106 egregiis
2357 2033 2630 2090 uteretur

324 2138 559 2198 Nonius
589 2140 655 2196 et
677 2136 1173 2213 diligentissimus
1192 2137 1794 2213 religiosissimusque
1815 2138 1977 2195 esset
2001 2136 2065 2194 in
2091 2137 2289 2196 verbis
2318 2140 2628 2197 auctorum

322 2248 506 2321 prout
564 2244 879 2304 invenerat
930 2244 1273 2304 referendis,
1355 2263 1476 2320 qua
1520 2243 1762 2320 quidem
1806 2243 2032 2303 virtute
2077 2243 2337 2303 multum
2384 2248 2630 2319 superat

323 2351 858 2428 grammaticorum
906 2351 1257 2410 Latinorum
1304 2351 1637 2427 plerosque.
1710 2368 1849 2410 nam
1894 2349 2153 2426 reliquos
2200 2351 2518 2427 scriptores
2565 2352 2627 2410 in

323 2458 647 2518 afferendis
676 2460 991 2534 poetarum
1018 2459 1291 2518 versibus
1318 2458 1553 2518 facilius
1581 2457 1704 2517 labi
1731 2457 2019 2517 memoria
2045 2456 2241 2517 minus
2260 2458 2627 2518 mirabimur.

323 2585 694 2643 quamquam
730 2566 826 2625 hic
852 2566 974 2625 illic
1000 2565 1262 2626 Nonium
1297 2567 1360 2624 in
1386 2565 1767 2641 pedestribus
1794 2566 2050 2624 maxime
2088 2565 2325 2641 scriptis
2362 2569 2469 2625 aut
2494 2586 2629 2642 poe-

326 2677 528 2732 tarum
564 2672 776 2732 metris
815 2673 900 2732 eis
938 2691 1090 2749 quae
1126 2692 1246 2733 non
1281 2672 1670 2749 intellegeret
1689 2672 2100 2761 traiectionem
2131 2673 2394 2749 aliquam
2421 2674 2630 2734 verbo-

325 2800 460 2840 rum
490 2780 609 2840 sibi
634 2779 958 2839 indulsisse
985 2781 1145 2839 haud
1175 2797 1319 2845 sane
1346 2780 1631 2839 abhorret
1658 2798 1695 2838 a
1721 2778 2160 2854 probabilitate.

504 2885 688 2946 Nonii
725 2905 955 2946 errores
993 2886 1351 2962 ubicumque
1390 2905 1424 2944 e
1459 2905 1526 2946 re
1552 2886 1871 2946 videbatur
1896 2905 2076 2963 quam
2109 2889 2378 2962 poteram
2406 2889 2629 2947 brevis-

328 2995 477 3053 sime
500 2967 852 3069 perstrin‘iii3
881 3011 1020 3051 nam
1040 3012 1182 3052 sane
1202 2994 1529 3069 plurimum
1556 2992 1709 3051 labis
1739 3011 1811 3052 ex
1836 2993 1991 3053 libro
2021 2994 2149 3052 eius
2176 2997 2414 3053 traxere
2440 2995 2630 3054 lexica

325 3104 537 3161 nostra
561 3099 812 3161 levitate
839 3099 1146 3159 hominum
1173 3100 1510 3177 doctorum3
1549 3096 1759 3160 omnes'
1782 3100 2106 3174 confutare,
2144 3120 2220 3160 ne
2248 3102 2431 3160 nimia
2458 3102 2630 3161 fieret

327 3207 506 3267 huius
537 3206 735 3281 operis
764 3205 967 3279 moles,
998 3227 1116 3266 non
1145 3208 1418 3267 sustinui.

506 3314 636 3373 Iam
674 3313 1081 3390 grammaticis
1100 3311 1267 3387 'istis
1306 3317 1377 3373 ut
1402 3314 1504 3390 qui
1532 3315 1829 3374 communi
1866 3316 2005 3374 usui
2033 3318 2094 3374 et
2120 3315 2375 3374 maxime
2404 3315 2629 3375 schola-

326 3441 464 3480 rum
510 3440 623 3480 sua
667 3420 1084 3493 destinassent,
1140 3439 1276 3479 cum
1320 3422 1382 3479 id
1428 3420 1806 3496 potissimum
1855 3425 2015 3481 esset
2059 3421 2507 3496 providendum,
2561 3425 2631 3481 ut

328 3527 604 3602 exempla
628 3545 783 3602 quae
811 3527 1095 3586 afferrent
1112 3528 1188 3586 ad
1206 3528 1473 3604 ipsorum
1491 3528 1714 3605 placita
1731 3528 2023 3588 firmanda
2049 3528 2222 3588 facile
2250 3528 2632 3588 inhaererent

327 3634 668 3707 memoriae,
716 3637 955 3709 praeter
994 3634 1347 3694 brevissima
1389 3638 1451 3694 et
1489 3636 1651 3696 intra
1690 3637 1808 3695 duo
1849 3637 1947 3696 vel
1986 3636 2105 3695 tria
2143 3635 2437 3697 vocabula
2475 3655 2658 3712 quae*

331 3741 746 3814 subsisterent,
783 3741 934 3799 illud
969 3741 1229 3800 maxima
1265 3711 1400 3802 cum
1440 3761 1583 3802 cura
1623 3743 1831 3818 utique
1873 3742 2180 3803 observari
2218 3760 2461 3802 necesse
2496 3743 2627 3815 fuit,

328 3850 399 3907 ut
426 3850 491 3907 et
516 3866 731 3908 sensus
759 3848 982 3925 integri
1017 3851 1126 3907 aut
1152 3851 1312 3908 certe
1347 3868 1466 3909 non
1500 3848 1691 3924 inepti
1717 3849 2109 3908 redderentur
2136 3852 2198 3909 et
2224 3867 2434 3909 versus
2468 3849 2628 3924 pleni

330 3959 438 4015 aut
473 3955 690 4015 horum
727 3955 943 4014 saltem
978 3958 1179 4030 partes
1220 3973 1339 4030 eae,
1377 3975 1531 4031 quae
1568 3959 1630 4015 et
1664 3956 1831 4031 ipsae
1868 3958 2069 4016 essent
2103 3952 2410 4033 ἕνρυθμοι.
2475 3957 2626 4014 tales

331 4063 490 4121 enim
516 4064 678 4124 locos
706 4061 1020 4122 facillimos
1051 4081 1181 4122 esse
1209 4063 1284 4121 ad
1314 4063 1695 4122 ediscendum
1721 4063 1855 4138 quis
1883 4062 2105 4140 neget?
2146 4065 2413 4122 ceterum
2438 4065 2510 4122 ut
2536 4066 2630 4122 est

329 4173 548 4229 natura
566 4169 863 4242 carminis,
893 4171 1104 4244 poetae
1128 4169 1288 4229 ultro
1316 4168 1648 4230 offerebant
1664 4170 2031 4245 plerumque,
2061 4169 2369 4230 desideriis
2386 4168 2628 4229 illorum

329 4296 482 4352 quae
525 4277 959 4336 satisfacerent.
1041 4295 1182 4335 nam
1223 4276 1338 4335 etsi
1377 4295 1485 4352 per
1527 4295 1591 4335 se
1631 4275 1767 4335 finis
1810 4277 2033 4336 ordinis
2074 4276 2305 4336 metrici
2346 4295 2452 4335 cur
2493 4296 2627 4336 cum

331 4384 661 4445 sententiae
698 4383 865 4442 ein‘tu
901 4386 1194 4461 congruat
1218 4403 1339 4444 non
1374 4386 1468 4444 est
1503 4402 1698 4457 causa,
1742 4386 1944 4443 tamen
1971 4384 2116 4444 haec
2143 4383 2367 4444 interse
2399 4387 2469 4443 ut
2496 4403 2628 4446 con-
