3267 5075
740 342 859 406 142
1090 324 1096 334 '
1480 343 1578 397 Ex
1613 342 1849 399 Limus
1886 343 2238 401 mcEaTIS.

1609 566 1616 583 ,
1667 506 1811 571 XLI
1861 506 1996 593 [24]
2026 533 2068 591 γ

907 624 961 686 si
1007 644 1109 686 me
1153 622 1398 687 nescire
1443 623 1565 687 hoc
1611 624 1849 708 neseis,
1895 624 2065 708 quod
2113 646 2415 708 quaerere
2464 625 2634 709 dico,

776 738 860 802 75
907 760 1101 822 quare
1149 739 1397 801 divinas
1446 739 1811 822 quicquam,
1859 739 2028 823 quod
2076 762 2377 823 quaerere
2425 741 2617 805 debes

904 854 1065 937 ipse,
1113 855 1177 916 et
1223 855 1276 917 si
1325 854 1448 917 scis
1496 876 1553 937 q.
1601 855 1661 918 b.
1709 877 1760 918 e.
1808 855 1968 918 scire
2015 855 2137 919 hoc
2183 855 2242 919 d.
2286 856 2400 919 te‘?

1650 967 1827 1032 XLII
1876 966 2012 1055 [15]
2044 993 2084 1033 a

905 1084 1206 1168 quidnei‘?
1255 1087 1470 1147 scruta
1516 1084 1773 1169 quidem
1818 1088 1893 1147 ut
1935 1085 2172 1148 vendat
2217 1087 2550 1150 scrutariu'
2596 1089 2825 1171 laudat,
2901 1118 2923 1139 s

905 1200 1327 1282 praefractam
1375 1200 1702 1284 strigilim,
1750 1200 1990 1263 soleam
2036 1200 2327 1283 inprobu'
2375 1201 2783 1268 dimidiatam.

1417 1312 1629 1377 XLIII
1678 1314 1782 1395 [cf.
1828 1319 1960 1378 not.
2009 1316 2087 1378 ad
2141 1316 2248 1396 15]
2279 1318 2320 1381 b

905 1429 1091 1494 Char.
1143 1431 1300 1494 101:
1346 1430 1578 1493 clavim
1615 1429 1909 1494 Tibullus
1947 1469 2031 1477 —
2070 1432 2370 1515 strigilim
2419 1455 2670 1518 quoque
2713 1433 2972 1498 Lucilius

728 1583 812 1591 —
859 1546 1131 1609 fortasse
1178 1545 1447 1611 eundem
1492 1545 1752 1629 respicit
1795 1544 2065 1630 Nonius,
2111 1569 2256 1611 cum
2303 1547 2457 1612 dicit
2498 1549 2649 1632 223,
2686 1548 2750 1612 5:
2793 1547 2972 1630 strigi-

724 1661 837 1724 lim
884 1661 1296 1725 manifestum
1344 1663 1442 1724 est
1487 1682 1625 1723 csse
1674 1662 1923 1745 generis
1969 1661 2281 1727 feminini.

1663 1775 1871 1840 XLIV
1918 1777 2058 1858 [51]

901 1894 1061 1957 velle
1106 1893 1365 1956 tolutim
1410 1892 1513 1955 hic
1561 1914 1812 1974 semper
1858 1896 1922 1956 et
1966 1894 2318 1977 incepturu'
2366 1896 2635 1960 videtur.

1683 2006 1859 2072 XLV
1905 2009 2044 2089 [82]

772 2125 859 2186 80
905 2185 941 2190 -
970 2172 1307 2191 υυυυυυ
1307 2154 1317 2160 ’
1332 2172 1368 2189 c
1392 2172 1427 2188 c
1473 2145 1738 2186 vernam
1785 2147 1858 2188 ac
1905 2125 2409 2207 cercupithecon.

1665 2238 1873 2303 XLVI
1924 2237 2058 2325 [81]

808 2360 822 2452 ‘¹
900 2377 1198 2418 mancum
1245 2355 1396 2438 algu
1444 2358 1633 2439 atque
1680 2356 1892 2439 rigore
1938 2379 2168 2420 manus
2225 2407 2625 2427 „„„„„„„

1590 2470 1832 2536 XLVII
1879 2472 1982 2553 [cf.
2030 2468 2138 2558 83]

898 2587 1282 2671 camphjppi.

721 2827 907 2892 posita
944 2831 1025 2876 est
1061 2833 1141 2876 ut.
1244 2826 1370 2875 XLI
1417 2826 1522 2876 Iul.
1547 2825 1722 2876 Rufin.
1747 2826 1811 2876 de
1835 2826 1922 2891 fig.
1954 2833 2096 2879 sent.
2123 2834 2178 2879 et
2202 2830 2334 2879 eloe.
2362 2844 2453 2894 pg.
2479 2832 2546 2881 45
2585 2822 2886 2898 ἐνθύμημα
2914 2827 2980 2888 fit,

721 2911 843 3010 pum
876 2895 1123 2959 periodos
1160 2895 1529 3011 oraticgiisizleiit
1566 2896 1854 2946 contrariis
1878 2898 2184 3012 ἔρηῐθῃιὶἱε
2221 2899 2562 2979 astringitur.
2637 2899 2777 2964 apud
2810 2899 2854 2947 L
2865 2896 2981 2978 uci-

720 2978 1058 3079 dliissffi'iatum
1091 2964 1151 3080 ἐξ
1160 2964 1461 3079 1(λὶῐίξηίᾱὶιῖῐῇ
1469 3042 1480 3079 :
1520 2964 1819 3097 iItIaqllit’Ifu
1833 2966 2836 3084 (15111ιίἓξιζαῇἰῐκῗοεέοῑιιιῗιίιεΠὲθΐᾶθξῗίιο
2859 2971 2981 3081 13551..

856 3096 1036 3146 XLIV
1094 3099 1232 3147 Non.
1267 3101 1317 3159 4,
1354 3100 1385 3147 2
1424 3113 1465 3147 s.
1503 3116 1554 3148 v.
1603 3100 1875 3150 tolutim
1911 3128 1976 3136 —
2015 3103 2330 3152 Lucilius
2378 3108 2691 3166 satyrarum
2736 3102 2827 3154 lib.
2869 3096 2981 3149 VIII

721 3194 786 3201 --
825 3165 1013 3217 idem.
1185 3165 1336 3214 XLV
1392 3165 1536 3215 Non.
1570 3168 1655 3230 43,
1694 3170 1755 3217 12
1809 3185 2049 3219 vernas
2086 3175 2301 3220 veteres
2338 3170 2712 3234 appellabant,
2755 3170 2843 3235 qui
2877 3181 2979 3217 vere

721 3250 878 3283 sacro
938 3234 1160 3284 fuerant
1212 3233 1346 3282 nati.
1417 3238 1470 3281 et
1521 3233 1825 3284 habebatur
1877 3252 2069 3286 nomen
2123 3237 2226 3287 hoc
2277 3254 2377 3302 pro
2433 3238 2648 3287 vitabili
2701 3236 2979 3288 maledicto.

719 3302 952 3352 Plautus
988 3329 1053 3337 —
1090 3300 1423 3351 Lucilius.
1594 3301 1774 3353 XLVI
1832 3305 1970 3353 Non.
2009 3308 2091 3368 72,
2130 3309 2161 3356 8
2207 3305 2363 3371 algu
2400 3321 2496 3369 pro
2534 3305 2739 3370 algore.
2806 3304 2980 3355 Accius

720 3396 785 3405 -—
822 3372 995 3421 Varro
1029 3402 1097 3410 -
1133 3369 1465 3419 LuciliuS.
1593 3368 1803 3420 XLVII
1837 3371 1980 3425 Non.
2017 3375 2132 3434 120,
2176 3376 2236 3422 14
2279 3374 2707 3438 hippocampi
2741 3373 2860 3438 equi
2892 3384 2981 3419 ma·

719 3438 828 3487 rini
863 3454 897 3487 a
932 3436 1071 3488 flexu
1109 3438 1427 3498 caudarum,
1475 3451 1612 3501 quae
1648 3439 1896 3501 piscosae
1932 3445 2089 3502 sunt;
2137 3446 2192 3490 et
2236 3446 2319 3490 est
2364 3440 2647 3493 Graecum.
2717 3438 2983 3491 Menander

892 3705 971 3761 75
1018 3706 1164 3779 quod
1197 3722 1456 3779 quaerere
1486 3703 1650 3759 debes
1686 3706 1998 3777 Gesnerus,
2044 3686 2152 3762 auf
2167 3723 2332 3780 quare
2374 3706 2536 3762 debes
2583 3711 2673 3765 ed.
2703 3712 2886 3781 princ.

721 3790 799 3846 77
848 3790 1065 3863 quidnei
1111 3791 1177 3845 M
1218 3790 1322 3861 39,
1368 3789 1556 3863 quidni
1602 3796 1659 3844 et
1704 3809 1752 3846 v.
1808 3821 1878 3830 —
1930 3791 2122 3846 vendat
2168 3810 2250 3862 v.,
2310 3791 2504 3847 vendat
2562 3804 2617 3848 et
2690 3795 2873 3851 VPR.

721 3875 800 3932 78
846 3874 1097 3948 strigilim
1143 3875 1237 3945 Dp
1282 3890 1361 3930 eoe
1408 3873 1582 3929 Char.
1633 3874 1772 3946 101,
1821 3869 2091 3949 strigilem
2138 3878 2264 3932 cdd.
2317 3877 2458 3933 Gell.
2648 3879 2726 3936 79
2773 3887 2827 3934 et
2869 3874 2978 3932 add.

720 3958 1162 4016 Boutermelcius
1206 3965 1429 4030 quaest.
1476 3960 1656 4013 Lucil.
1699 3977 1796 4032 pq.
1846 3959 1943 4013 12.
2119 3960 2202 4017 80
2247 3977 2461 4016 vernam
2507 3962 2622 4033 Me,
2672 3980 2828 4019 verna
2871 3959 2977 4016 cdd.

716 4076 799 4087 -
845 4061 906 4100 ac
949 4042 1364 4115 cercopithecon
1410 4041 1547 4111 (sive
1577 4041 2014 4117 cercopithecon)
2061 4046 2225 4115 docti,
2276 4062 2428 4101 aecer
2457 4048 2605 4119 cupit
2639 4048 2809 4104 hecon
2850 4046 2979 4102 libri.

888 4182 965 4239 81
1015 4195 1258 4235 mancum
1304 4179 1387 4249 M,
1432 4185 1648 4232 nautam
1689 4181 1735 4234 L
1782 4179 1839 4251 1,
1884 4134 2060 4234 nzffam
2095 4180 2159 4236 G.
2206 4210 2290 4221 --
2348 4184 2533 4254 rigore
2587 4185 2674 4240 ed.
2711 4185 2849 4240 Luc.
2886 4182 2978 4236 Tu-

719 4271 850 4339 ria,
895 4269 1115 4341 nigrore
1143 4266 1293 4322 libri.
1352 4293 1416 4301 —-
1470 4278 1658 4316 manus
1690 4264 1841 4334 Iun„
1888 4264 2302 4336 malus‘scripti.
2415 4265 2514 4321 82.
2548 4267 2628 4323 83
2676 4265 2976 4342 camphippi.

718 4362 799 4408 cl:
846 4349 1345 4428 panthei-ocamelos
1392 4348 1475 4419 M,
1518 4347 1857 4420 hippocampi
1905 4348 2385 4405 elefantocamillos
2432 4352 2560 4407 cdd.

379 4622 2142 5039 παῖ
