3267 5075
1326 361 1545 416 LIBER
1579 362 1618 417 1.
1663 363 1729 415 11.
2279 428 2284 432 ,
2636 359 2670 422 7

1152 522 1462 589 XXXVII
1509 524 1745 609 [VIIII,
1797 527 1906 606 13]

554 661 750 723 porro
797 639 1205 722 cleinopodas
1248 639 1662 725 lychnosque,
1706 644 1782 705 ut
1826 639 2084 706 diximu'
2132 640 2420 725 σεμνῶς,

557 755 698 819 anti
744 755 957 838 ‘pedes
1000 755 1175 819 lecti’
1225 758 1414 840 atque
1463 757 1803 822 ‘lucernas'
1867 783 2125 828 -..ege

1276 927 1603 1000 LIBER
1673 928 1766 1000 II.

1380 1056 1415 1121 Ι
1460 1060 1600 1139 [12]
1631 1081 1672 1123 a

553 1225 594 1235 -
612 1215 649 1235 υ
710 1172 905 1238 homo
951 1173 1288 1257 inpuralsus
1336 1177 1402 1238 et
1446 1174 1692 1258 inpune
1740 1175 1962 1259 estque
2005 1175 2299 1259 rapister.

1381 1289 1446 1353 H
1493 1291 1588 1370 [7]
1618 1290 1662 1354 b

553 1425 691 1469 non
737 1402 896 1469 dico.
986 1402 1165 1469 vivat
1207 1404 1358 1469 liceis
1403 1408 1468 1469 effi
1512 1426 1715 1491 vagus
1763 1407 1999 1490 exulet,
2047 1410 2215 1471 erret

553 1519 755 1584 exlex.

1344 1609 1443 1674 ΠΙ
1488 1612 1628 1692 [20]
1659 1634 1693 1676 c

551 1762 1370 1785 „„„„„„„„„„„„„„„
1413 1739 1550 1782 1ure

457 1830 503 1897 5
551 1830 906 1896 consultus.
1358 1824 1372 1837 '

1369 1943 1467 2027 IV
1514 1948 1609 2029 [5]
1641 1948 1683 2012 d

551 2084 729 2127 nunc
773 2060 838 2127 Ν
839 2062 1169 2126 omenlzam‘
1215 2085 1377 2148 quae
1423 2085 1502 2127 ex
1545 2064 1820 2129 testibus
1866 2066 2003 2150 ipse
2048 2064 2336 2151 rogando

553 2179 860 2262 exculpei,
906 2178 1189 2244 ecdicam
1233 2228 1771 2250 „„„„„„„„„„

1363 2293 1425 2358 V
1474 2295 1613 2377 [15]
1645 2318 1679 2359 e

555 2411 668 2495 qui
712 2414 804 2495 te,
849 2408 1282 2495 Nomentane,
1329 2412 1570 2476 malum
1613 2413 1746 2476 iam
1792 2434 2042 2477 cercera
2085 2413 2335 2496 perdaffl

369 2575 440 2625 in
478 2572 704 2638 scirpo
761 2572 1050 2637 quaeris.
1107 2573 1321 2652 scirpus
1373 2573 1637 2636 palustris
1688 2589 1771 2622 res
1827 2579 1914 2624 est
1970 2573 2244 2627 levissima
2295 2571 2675 2638 (lenissima

370 2640 581 2721 Rom...)
633 2641 982 2691 Lucilius
966 2656 1025 2690 ιιι
1047 2639 1239 2705 prim0.
1326 2641 1588 2691 XXXVII
1624 2641 1791 2692 Macr.
1819 2641 1983 2705 V1,4,
2007 2644 2068 2692 17
2094 2640 2328 2692 inseruit
2354 2639 2675 2705 (Vergilius)

372 2710 532 2776 operi
578 2723 676 2759 suo
723 2715 779 2759 et
823 2708 1029 2758 Graeca
1063 2708 1226 2759 verba
1271 2709 1363 2759 sed
1408 2725 1518 2759 ιιοιι
1563 2711 1767 2775 primus
1810 2708 1916 2760 hoc
1959 2725 2153 2770 ausus;
2207 2715 2492 2759 auctorum
2534 2710 2677 2758 enim

370 2781 624 2828 veterum
647 2775 930 2826 audaciam
955 2782 1172 2827 secutus
1198 2783 1308 2828 est:
1336 2774 1675 2842 [aen.1‚726]
1702 2778 2070 2843 dependent
2095 2775 2323 2841 lychni
2346 2777 2676 2843 laqueaii-

372 2848 503 2896 bus
539 2844 804 2905 aureis;
829 2844 970 2894 sicut
1006 2843 1218 2896 Ennius
1255 2871 1321 2880 —
1358 2846 1648 2897 Lucretius
1685 2872 1750 2881 -
1787 2845 2094 2896 Lucilius
2129 2846 2188 2895 in
2221 2846 2413 2910 primo.

519 2912 547 2961 Ι
583 2912 721 2964 Νοιι.
763 2915 877 2973 129,
903 2913 968 2962 28
1004 2913 1253 2977 inpune
1294 2911 1452 2980 (imp
1464 2914 1587 2964 udo
1624 2912 1694 2964 al.
1731 2930 1816 2980 ap.
1844 2914 2083 2978 Bentin.)
2123 2914 2265 2979 quod
2298 2919 2383 2965 est
2405 2913 2676 2979 inpudens

375 2979 731 3046 (impuno
714 2996 978 3045 impune
1001 2994 1106 3044 mg
1127 2979 1217 3043 G).
1265 2931 1573 3032 Lucilius
1596 2981 1688 3031 lib.
1708 2982 1781 3032 11.
1804 3009 1858 3017 —
1883 2982 2020 3031 idem
2047 2983 2154 3044 167,
2174 2984 2240 3032 20
2257 2982 2674 3046 rapinatores

373 3062 482 3115 pro
517 3048 842 3113 raptoribus.
912 3048 1086 3098 Varro
1123 3049 1371 3100 Bimarco
1398 3078 1458 3086 —
1486 3050 1792 3102 Lucilius
1830 3048 2113 3113 (Lucius
2145 3066 2214 3099 m.
2245 3052 2267 3098 l
2305 3046 2348 3099 L
2378 3050 2429 3111 1)
2476 3048 2568 3099 lib.
2603 3050 2675 3099 ΙΙ.

465 3117 522 3166 ΙΙ
557 3114 697 3167 Νοιι;
726 3119 805 3178 10,
832 3118 894 3165 12
919 3115 1068 3166 inlex
1092 3121 1147 3166 et
1171 3117 1359 3167 exlex
1383 3125 1470 3169 est
1497 3119 1587 3183 qui
1611 3119 1729 3169 sine
1755 3119 1875 3182 lege
1902 3118 2043 3169 vivit
2068 3118 2283 3176 (vivat
2308 3117 2421 3167 cdd.
2434 3121 2465 3175 l.
2511 3115 2673 3167 Plau-

371 3190 472 3235 tus
508 3211 574 3219 —
612 3184 917 3235 Lucilius
963 3181 1244 3250 (Lucius
1290 3201 1368 3250 pr
1409 3202 1475 3235 m
1523 3188 1567 3236 Ι
1607 3187 1659 3247 1)
1706 3192 2010 3251 satyrarum
2044 3185 2136 3236 lib.
2176 3186 2232 3235 11
2277 3185 2437 3246 (XII
2473 3183 2675 3246 Bamb„

371 3267 493 3302 non
519 3252 563 3300 L
590 3252 851 3313 2).111
889 3251 1167 3303 Charisius
1192 3254 1298 3303 62
1281 3255 1419 3304 ruris
1443 3252 1728 3305 consultus
1756 3205 1864 3303 diyci
1886 3253 2059 3314 debet,
2097 3269 2207 3304 ιιοιι
2240 3254 2382 3302 iure
2412 3248 2674 3302 consul-

320 3332 331 3338 ’
370 3326 514 3381 tus,
541 3319 672 3369 licet
697 3319 883 3370 Cicero
908 3336 1006 3385 pro
1032 3321 1256 3371 Murena
1278 3323 1359 3372 ita
1395 3322 1594 3371 dixerit
1617 3328 1674 3373 et
1699 3320 2003 3372 Lucilius
2028 3292 2100 3384 ΙΙ,
2135 3326 2197 3370 ut
2223 3322 2338 3370 iure
2359 3320 2587 3385 peritus.

370 3388 454 3439 IV
499 3388 637 3441 Non.
661 3390 776 3454 102,
802 3389 862 3438 18
894 3388 1249 3454 exculpere
1279 3398 1365 3441 est
1382 3380 1725 3456 extorquere.
1776 3390 2003 3440 Plautus
2028 3422 2094 3430 —-
2117 3388 2425 3438 Lucilius
2464 3393 2674 3451 satyra-

370 3454 612 3508 rumlib
638 3455 707 3505 11.
811 3455 861 3505 V
915 3457 1055 3507 Don.
1083 3455 1154 3511 ad
1178 3458 1295 3510 Ter.
1323 3458 1537 3510 Phorm.
1565 3460 1607 3520 Ι,
1633 3460 1683 3521 2,
1712 3460 1775 3509 73
1814 3459 1923 3523 qui
1954 3457 2137 3507 illum
2175 3457 2238 3506 di
2274 3471 2488 3507 omnes
2525 3472 2673 3520 per-

550 3599 631 3657 43
677 3599 1026 3674 cleinopodas
1057 3600 1140 3671 M,
1184 3600 1520 3700 xecnopcdac
1566 3600 1881 3699 clinopodas
1912 3601 2102 3670 Paris,
2150 3599 2468 3674 clinopodas
2503 3617 2550 3657 v.
2591 3628 2667 3638 —

376 3685 706 3759 lichnosque
748 3685 944 3741 Paris.
1118 3684 1200 3741 44
1245 3688 1355 3742 anti
1400 3689 1456 3741 i.
1481 3701 1530 3741 e.
1577 3675 1714 3742 ἀντὶ
1756 3685 1840 3756 Μ,
1887 3692 2011 3741 ante
2056 3703 2106 3741 v.
2147 3688 2154 3694 '

553 3771 585 3825 1
634 3768 918 3842 inpudicus
958 3771 1096 3826 libri
1125 3769 1243 3828 167
1292 3776 1348 3827 et
1389 3772 1463 3827 ib.
1507 3771 1731 3844 inpune.
1776 3799 1857 3809 —-
1904 3778 2096 3843 estque
2141 3769 2220 3839 M,
2269 3777 2354 3824 est
2396 3769 2542 3824 Non.
2593 3797 2670 3806 —

377 3855 658 3929 rapinator
699 3856 908 3926 scripti
951 3853 1089 3913 167.
1265 3855 1301 3911 2
1350 3856 1487 3912 vivat
1532 3854 1620 3926 M,
1680 3857 1856 3911 vincat
1900 3873 1948 3911 v.
2014 3883 2087 3895 —
2146 3870 2306 3910 vacus
2350 3854 2397 3909 L
2430 3854 2488 3924 1,
2533 3853 2580 3908 L
2612 3851 2670 3924 2,

375 3940 588 3997 Bamb.
630 3968 715 3978 —
757 3938 915 3996 exule
970 3945 1140 3996 terret
1183 3941 1230 3996 L
1277 3941 1329 4001 1.
1506 3940 1542 3997 6
1591 3957 1731 3996 nunc
1786 3940 2105 3996 Nomentani
2163 3954 2297 4011 quae
2344 3937 2472 4008 Sa,
2529 3953 2675 3993 nunc

376 4041 577 4082 nomen
621 4026 835 4099 iamque
880 4027 1007 4083 cdd.
1163 4025 1488 4100 7sexcu1pei
1534 4025 1602 4081 M
1644 4020 1879 4099 (exculpi
1911 4024 2052 4095 Sa),
2099 4023 2328 4096 exculpo
2361 4042 2412 4080 v.
2463 4053 2534 4060 —
2588 4037 2673 4077 ec-

376 4109 551 4167 dicum
594 4109 673 4179 M,
721 4109 853 4166 haec
895 4109 1065 4165 dicam
1096 4110 1246 4167 libri.
1379 4111 1416 4167 8
1463 4110 1797 4166 Nomentane
1830 4128 1902 4182 v.,
1933 4109 2275 4164 Momentune
2306 4108 2513 4182 quaed.
2545 4108 2671 4162 edd.

377 4196 597 4271 Donati
657 4224 741 4234 —-
794 4192 1046 4251 Montana
1089 4194 1286 4251 malum
1332 4195 1394 4251 ad
1441 4205 1616 4251 cetera
1662 4196 1844 4270 pergit
1888 4197 2013 4251 edd.
2057 4197 2249 4266 princ.
2299 4194 2482 4261 Rom„
2537 4192 2670 4248 Ven.

377 4310 464 4321 —
507 4294 721 4336 cercera
765 4278 858 4354 M,
908 4295 1208 4353 querquera
1252 4280 1380 4352 Dp,·
1442 4286 1622 4336 cetera
1678 4283 1765 4337 vel
1807 4287 2017 4336 caetera
2064 4298 2147 4342 v.,·
2202 4276 2427 4351 pectori·
2479 4277 2669 4332 Lckm.

370 4380 633 4438 prooem.
680 4365 812 4422 lect.
863 4371 1005 4422 aest.
1056 4369 1205 4422 um'v.
1254 4365 1554 4423 Berolsa.
1608 4364 1788 4435 1849,
1830 4382 1927 4437 pq.
1977 4363 2034 4421 5.
