3267 5075
672 336 795 402 128
947 314 952 318 ’
1595 335 1815 392 menn
1850 335 2019 392 xxx.

845 502 1116 567 rescisso
1163 501 1368 565 disces
1415 523 1775 584 conponere
1820 501 2081 565 nomine
2126 522 2398 564 versum.

935 615 1139 680 Lucili
1183 618 1349 680 vatis
1396 617 1487 681 sic
1533 618 1819 680 imitator
1865 618 2007 681 eris.

667 734 816 797 hinc
889 732 1220 817 Eugenius
1283 730 1633 796 Toletanus
1708 748 1947 815 opusc.⁶
1978 732 2091 815 23,
2147 732 2187 794 9
2229 754 2319 814 sq.
2396 734 2742 816 postquam
2808 734 2926 793 toto

668 849 948 912 carmine
993 848 1387 930 ineptissime
1434 847 1653 911 divisit
1696 868 1907 911 voces:

711 963 798 1028 95
843 985 961 1046 pro
1006 962 1127 1026 tibi
1172 963 1267 1026 uti
1312 964 1535 1026 nostro
1580 963 1800 1035 veniat
1845 984 1923 1025 ex
1968 964 2248 1045 carmine
2295 963 2525 1047 fectus,

844 1079 1053 1142 instar
1095 1076 1301 1141 Lucili
1346 1098 1542 1163 cogor
1588 1077 1982 1161 disrumpere
2026 1079 2238 1142 verba.

1540 1209 1812 1275 LXXIV
1859 1207 1992 1297 [79]
2024 1212 2066 1275 b

845 1327 1069 1389 tritum
1117 1329 1182 1389 et
1226 1329 1595 1409 corruptum
1645 1326 1857 1389 scabie
1904 1329 1969 1389 et
2016 1325 2345 1410 porrigini'
2392 1327 2672 1410 plenum.

1563 1457 1797 1522 LXXV
1845 1459 1985 1537 [26]
2015 1481 2049 1521 c

843 1575 947 1639 hic
993 1575 1059 1637 in
1111 1576 1386 1637 stercore
1431 1574 1609 1636 humi
1658 1573 2019 1657 stabulique
2065 1574 2217 1636 fimo
2266 1577 2455 1658 atque
2503 1575 2797 1639 sucerdiS.

1580 1704 1850 1770 LXXVI
1899 1703 2032 1792 [67]

848 1819 1171 1905 accipiunt
1213 1844 1421 1907 reges,
1467 1821 1741 1905 populus
1790 1821 2003 1904 quibu’
2050 1821 2300 1905 legibus
2336 1822 2544 1887 exlex.

1569 1953 1871 2019 LXXVII
1920 1951 2056 2041 [91]

675 2073 801 2135 100
845 2116 944 2134 ..c
970 2115 1006 2133 c
1050 2070 1198 2133 inde
1244 2071 1475 2133 canino
1524 2072 1617 2133 ori
1667 2072 1721 2133 si
1767 2071 1896 2133 ritu
1942 2069 2266 2153 oculisque
2339 2128 2344 2134 .

741 2190 757 2204 '
845 2187 1122 2250 involem
1189 2235 2075 2255 „„„„„„„„„„„„„„„

1545 2316 1880 2381 LXXVIII
1926 2314 2063 2402 [97]

845 2436 1279 2519 praestringat
1322 2485 1357 2501 υ
1381 2487 1417 2504 υ
1439 2495 1475 2501 -
1504 2485 1539 2500 υ
1564 2484 1599 2500 υ
1621 2493 1662 2502 ,
1708 2431 2045 2516 splendore
2090 2434 2372 2496 micanti.

1577 2565 1845 2629 LXXIX
1894 2564 2026 2653 [32]

847 2708 972 2770 quo
1019 2708 1120 2748 me
1166 2685 1289 2748 hoc
1334 2686 1648 2766 tempore,
1694 2685 1998 2767 nugator,
2045 2703 2428 2766 cognoscere
2475 2707 2607 2748 non
2655 2686 2790 2750 vis?

666 2958 834 3000 metro
873 2952 1063 3000 crebro
1100 2951 1292 3000 utitur.
1396 2949 1627 2999 LXXIV
1671 2950 1806 3000 Non.
1840 2952 1950 3014 160,
1974 2954 2039 3000 20
2074 2951 2344 3015 porrigo
2383 2950 2638 3014 (orrigo
2675 2951 2742 3013 G)
2776 2949 2930 3000 morbi

667 3035 855 3083 genus.
926 3017 1229 3081 Lucilius
1265 3018 1359 3067 lib.
1400 3017 1573 3067 XXX.
1720 3017 1924 3068 LXXV
1985 3018 2122 3068 Non.
2166 3020 2276 3080 175,
2317 3021 2375 3067 12
2414 3019 2752 3070 sucerdae.
2817 3019 2928 3067 Lu·

668 3088 872 3137 cilius
910 3087 1004 3136 lib.
1042 3085 1211 3134 XXX.
1327 3084 1556 3135 LXXVI
1617 3087 1752 3140 Non.
1796 3088 1872 3146 10,
1912 3089 1972 3135 12
2011 3102 2053 3136 s.
2094 3103 2143 3136 v.
2184 3086 2336 3136 inlex
2371 3091 2425 3135 et
2459 3087 2655 3137 exlex
2692 3115 2750 3123 —
2784 3085 2930 3135 Luci-

668 3157 772 3205 lius
811 3160 1116 3218 satyrarum
1151 3153 1245 3203 lib.
1285 3154 1337 3204 11
1381 3181 1438 3187 -—
1478 3152 1651 3202 Varro
1678 3180 1743 3189 --
1766 3153 2074 3204 Lucilius
2109 3154 2200 3203 lib.
2226 3153 2398 3203 XXX.
2501 3154 2758 3206 LXXVII
2806 3155 2928 3202 Nou.

666 3227 750 3286 32,
789 3225 850 3274 31
907 3221 1216 3273 involare
1272 3226 1358 3271 est
1404 3222 1618 3271 inruere
1669 3221 1899 3281 insilire3
1958 3227 2053 3271 aut
2090 3239 2123 3271 a
2157 3222 2349 3272 volatu
2396 3226 2493 3271 aut
2540 3240 2573 3270 a
2611 3222 2734 3273 vola
2775 3222 2826 3270 id
2856 3224 2928 3270 est

666 3292 841 3340 media
864 3307 1030 3340 manu
1055 3291 1274 3341 (lictum.
1323 3290 1444 3337 Ter.
1465 3288 1861 3338 —·Lucilius
1897 3288 1990 3338 lib.
2016 3286 2187 3340 XXX.
2275 3289 2562 3339 LXXVIII
2615 3290 2751 3341 Non.
2774 3293 2847 3348 3⁴,
2870 3288 2927 3336 29

667 3360 1170 3423 praestringere
1203 3357 1408 3406 dictum
1431 3361 1517 3405 est
1543 3372 1652 3405 non
1680 3355 1834 3405 valde
1859 3359 2145 3421 stringere,
2183 3356 2394 3406 eludere
2419 3360 2513 3419 (et
2537 3357 2837 3407 claudere
2869 3372 2928 3413 v„

617 3458 627 3468 ·
667 3431 729 3475 et
766 3425 1032 3475 laudere
1068 3426 1113 3473 L
1141 3425 1225 3489 1.).
1286 3424 1517 3474 Plautus
1557 3426 1611 3472 in
1650 3424 1760 3473 mil.
1800 3425 1938 3488 glor.
1974 3426 2343 3489 praestringat
2380 3425 2656 3475 oculorum
2694 3426 2847 3475 aciem
2877 3423 2926 3471 in

667 3494 780 3542 acie
805 3494 1069 3547 hostibus.
1122 3493 1429 3542 Lucilius
1455 3491 1548 3542 lib.
1576 3491 1745 3541 XXX.
1839 3481 2072 3543 LXXIX
2107 3493 2246 3543 Non.
2272 3495 2355 3554 35,
2381 3496 2447 3543 23
2472 3499 2755 3556 nugator
2778 3510 2808 3541 a
2833 3491 2928 3553 (Me

668 3560 809 3624 add.)
840 3562 1027 3625 nugis,
1065 3561 1311 3610 turbator
1349 3560 1861 3623 (nugistubator
1893 3559 1982 3624 G).
2054 3559 2362 3611 Lucilius
2401 3561 2490 3609 lib.
2527 3560 2683 3608 XXX
2729 3559 2927 3625 (Luci-

840 3826 916 3882 97
967 3827 1152 3881 tritum
1198 3827 1290 3896 M,
1340 3830 1547 3884 tristem
1595 3848 1644 3884 υ.
1692 3859 1773 3867 -
1817 3830 1890 3884 ib.
1934 3830 2195 3901 fortasse
2239 3838 2565 3903 correptum.
2614 3861 2696 3869 —
2737 3827 2925 3884 scaniae

667 3930 739 3967 m.
791 3913 820 3965 1
870 3912 917 3966 L
965 3912 1018 3965 1.
1206 3911 1284 3967 98
1330 3912 1634 3986 stabulique
1684 3914 1795 3984 Dp,
1844 3912 2141 3987 fabulisque
2187 3918 2406 3985 scripti.
2539 3915 2618 3970 99
2663 3930 2813 3988 reges
2854 3910 2925 3979 M,

667 3997 818 4070 leges
865 4016 914 4053 v.
1054 3995 1174 4051 100
1219 3998 1299 4050 ori
1345 3997 1389 4051 si
1436 4000 1565 4052 add.
1614 3998 1694 4052 M.
1742 4028 1824 4036 -——
1871 3999 1980 4053 ritu
2011 4000 2211 4069 Aldus,
2256 4001 2364 4054 rito
2397 4001 2523 4054 cdd.
2657 3998 2771 4055 102
2815 3996 2925 4052 cdd.

668 4099 747 4155 pr.
814 4082 1099 4138 oculorum
1169 4081 1332 4135 aciem
1392 4080 1444 4134 in
1502 4082 1611 4136 acie
1678 4081 1925 4138 hostibus
1996 4080 2068 4157 (in
2127 4085 2256 4139 add.
2314 4084 2360 4137 L
2410 4081 2465 4154 1)
2530 4100 2613 4154 sp.
2680 4072 2747 4138 in.
2837 4081 2923 4136 illa

670 4185 719 4221 0.
776 4186 824 4223 a.
879 4168 912 4221 i.
971 4184 1019 4222 a.
1075 4165 1129 4221 h.
1189 4167 1424 4220 seclusit
1481 4164 1549 4219 M
1600 4165 1712 4237 32,
1769 4170 1968 4224 ultima
2022 4171 2142 4223 tria
2199 4168 2371 4223 verba
2427 4170 2542 4223 iam
2598 4167 2707 4238 Dp.
2798 4169 2924 4222 idem

668 4253 937 4322 adfirmat
990 4252 1138 4306 illml
1199 4250 1601 4323 praestringant
1668 4253 1725 4306 in
1797 4254 2086 4309 veteribus
2141 4253 2307 4308 libris
2368 4253 2540 4309 Nonii
2592 4268 2734 4308 esse.

673 4334 790 4390 103
838 4352 946 4408 quo
981 4336 1057 4400 M,
1107 4339 1219 4390 nisi
1256 4343 1526 4405 praestat
1557 4335 1731 4391 ablat.
1780 4337 1869 4409 qui
1903 4341 1991 4394 vel
2020 4338 2174 4411 quei3
2223 4355 2377 4410 quam
2410 4339 2535 4394 cdd.
2597 4339 2602 4346 '
