3267 5075
953 418 1407 480 TssrmomA
1443 421 1539 478 DE
1578 418 1884 522 13Uc11210.
2433 415 2558 488 189

1315 585 1524 652 XLIV

450 704 525 769 de
571 702 816 794 Valerii
861 701 1125 767 Catonis
1180 702 1290 787 qui
1336 702 1613 766 maxime
1660 701 2036 768 insolentias
2084 701 2273 767 metri
2309 702 2560 767 videtur

286 820 601 905 mitigasse
638 818 866 885 studiis
902 816 1250 882 Lucilianis
1290 817 1461 904 quod
1499 821 1676 881 extat
1708 818 2151 882 testimonium
2196 817 2326 881 iam
2366 816 2559 902 supi-a

286 935 619 999 attulimus,

629 1028 632 1033 ’
1117 1046 1295 1113 XLV
1342 1049 1489 1130 [inc.
1540 1048 1695 1130 134]

445 1164 606 1230 Gell.
651 1164 735 1249 Π,
781 1165 885 1249 24,
931 1164 999 1228 5:
1054 1164 1123 1227 in
1170 1185 1295 1248 quo
1342 1166 1718 1227 erraverunt
1761 1163 2021 1249 quidam
2069 1165 2554 1232 commentario-

285 1302 410 1345 rum
472 1281 542 1344 in
603 1280 920 1347 Lucilium
985 1279 1354 1363 scribtores,
1418 1280 1589 1365 quod
1651 1282 2041 1362 putaverunt
2101 1279 2352 1345 Fannia
2412 1280 2553 1365 lege

284 1398 606 1479 perpetuos
653 1395 721 1459 in
768 1416 956 1458 omne
1003 1393 1248 1457 dierum
1295 1413 1496 1478 genus
1542 1397 1847 1458 centenos
1895 1394 2059 1459 aeris
2106 1399 2402 1469 statutos,

1300 1507 1509 1572 XLVI
1605 1532 1610 1541 ·

440 1624 816 1709 Hieronym.
863 1624 1001 1689 adv.
1038 1624 1249 1689 Rufin.
1295 1622 1442 1709 ml,
1479 1625 1539 1709 2,
1578 1624 1706 1689 367
1747 1624 1842 1689 ed.
1879 1624 2142 1691 Bened.:
2187 1630 2343 1710 puto
2383 1627 2553 1711 quod

283 1762 424 1822 puer
465 1740 699 1825 legeris
744 1739 940 1823 Aspri
985 1740 1055 1803 in
1099 1738 1462 1824 Vergilium
1508 1742 1573 1803 et
1619 1737 1994 1804 Sallustium
2040 1742 2554 1825 commentarios,

285 1853 548 1919 Vulcatii
592 1856 663 1920 in
711 1855 1034 1919 orationes
1081 1843 1425 1938 CiceroniS,
1470 1850 1791 1920 Victorini
1835 1855 1905 1919 in
1951 1855 2240 1940 dialogos
2288 1856 2439 1939 eius,
2466 1861 2554 1920 'et

285 1970 346 2033 in
386 1969 664 2034 Terentii
710 1969 1071 2034 comoedias
1108 1969 1539 2054 praeceptoris
1585 1969 1713 2035 mei
1748 1969 2008 2054 Donati,
2054 1993 2252 2055 aeque
2288 1972 2357 2035 in
2394 1971 2550 2037 Ver-

286 2085 518 2169 gilium,
576 2089 642 2149 et
687 2084 960 2150 aliorum
1003 2084 1074 2148 in
1121 2085 1307 2169 alios,
1351 2084 1655 2149 Plautum
1698 2084 2018 2169 videlicet,
2071 2084 2387 2151 Lucilium
2432 2088 2553 2172 (ita

285 2196 347 2260 M
387 2200 506 2264 397
553 2199 869 2283 probante
905 2198 1323 2284 Bernhardyo
1358 2201 1508 2265 hist.
1553 2201 1675 2264 litt.
1719 2198 1859 2265 Lat.
1904 2221 2009 2285 pg.
2046 2200 2176 2267 513
2223 2201 2318 2266 ed.
2364 2225 2549 2287 quar-

287 2315 405 2397 tae3
446 2313 881 2381 Lucretium
926 2314 1031 2400 w),
1075 2313 1392 2400 Flaccum,
1437 2315 1729 2380 Persium
1776 2319 1968 2402 atque
2011 2316 2359 2382 Lucanum.

1289 2430 1533 2496 XLVII
1718 2500 1727 2507 ,

446 2546 821 2612 anecdotum
874 2545 1144 2613 Parisin.
1208 2568 1313 2634 pg.
1375 2549 1496 2613 137
1566 2545 1825 2613 Sueton.
1887 2549 2067 2634 reliq.
2131 2549 2226 2613 ed.
2283 2548 2546 2614 Reiffer-

289 2660 693 2728 scheidianae:
756 2666 951 2727 notae
995 2661 1151 2727 XXI
1197 2684 1359 2747 quae
1404 2663 1694 2728 versibus
1741 2666 1980 2749 apponi
2025 2668 2416 2729 consuerunt
2461 2704 2542 2713 -

288 2774 378 2840 his
419 2778 564 2842 solis
608 2778 679 2843 in
727 2778 1251 2843 adnotationibus
1286 2777 1487 2843 Ennii
1521 2777 1751 2844 Lucilii
1796 2779 1917 2865 (ita
1952 2779 2286 2866 Bergkius,
2330 2780 2549 2846 Lucii

287 2888 495 2977 Paris.)
540 2897 604 2958 et
648 2894 1086 2960 scaenicorum
1131 2894 1693 2979 (scaenicorum
1739 2893 1824 2979 M,
1868 2895 2415 2962 historicorum
2459 2896 2546 2983 V.)

288 3042 374 3105 usi
433 3048 576 3109 sunt
639 3042 1075 3129 Vargunteius
1139 3042 1260 3131 (sic
1314 3043 1658 3129 Bergkius,
1722 3021 2006 3110 Varros
2063 3044 2211 3133 cd.),
2273 3044 2545 3133 Ennius,

288 3155 483 3224 Aelius
528 3181 726 3245 aeque
772 3163 837 3224 et
880 3163 1207 3243 postremo
1243 3157 1511 3245 Probus,
1557 3160 1668 3246 qui
1704 3161 1849 3226 illas
1885 3161 1956 3225 in
1988 3161 2265 3247 Virgilio
2311 3166 2377 3228 et
2411 3163 2542 3228 Ho-

288 3271 431 3338 ratio
482 3278 544 3339 et
600 3273 846 3340 Lucilio
901 3275 1021 3361 (sic
1075 3274 1530 3360 Bemhardyus
1576 3276 1639 3340 h.
1684 3277 1726 3342 l.
1779 3274 1917 3341 Lat.
1963 3296 2068 3362 pg.
2113 3278 2244 3343 513
2291 3277 2386 3343 ed.
2431 3276 2542 3364 IV,

288 3383 615 3456 Lucretio
661 3389 748 3475 v.)
795 3391 1094 3478 apposuit
1135 3395 1209 3456 ut
1252 3390 1536 3457 Homero
1582 3391 2015 3459 Aristarchus.

1115 3505 1405 3573 XLVIII.
1476 3505 1684 3571 XLIX

303 3667 313 3677 ·
439 3616 811 3707 Hieronymi
856 3619 1089 3687 iudicia
1134 3622 1212 3687 de
1256 3621 1501 3688 Lucilio
1547 3645 1626 3687 ex
1666 3605 1920 3688 Horatii
1968 3627 2084 3689 sat.
2120 3623 2162 3690 l.
2198 3648 2291 3709 pr.
2336 3624 2432 3691 IV
2476 3631 2542 3691 et

286 3725 337 3795 X
375 3742 617 3821 sumpta
664 3741 735 3820 [t.
783 3739 840 3802 d.
885 3737 955 3802 L.
999 3759 1105 3823 pg.
1157 3739 1311 3820 180]
1359 3738 1707 3803 afferentur
1748 3740 1820 3803 in
1864 3741 2342 3807 commentario.

1158 4041 1637 4053 ψι-
