3267 5075
673 370 802 435 256
1560 368 1780 426 LIBER
1813 369 2065 428 XXVIII.

844 537 902 595 3.
974 539 1155 595 habes
1198 554 1415 595 omnem
1457 554 1613 601 rem‚·
1669 539 1740 594 ita
1786 538 2071 596 Terentius
2116 540 2245 596 Hec.
2279 540 2319 613 Ι,
2351 540 2413 612 2,
2440 542 2593 599 119:

927 667 1089 724 habes
1134 684 1347 724 omnem
1393 684 1534 723 rem:
1580 684 1802 743 pergam
1849 684 1958 742 quo
2005 671 2159 743 coepi
2204 670 2309 726 hoc
2353 673 2477 727 iter.

675 805 1022 881 spondiacum
1068 804 1387 862 vocabulum
1430 805 1602 861 altero
1649 804 1786 879 pede
1831 806 2071 878 positum
2101 809 2345 863 excusari
2377 807 2592 864 videtur
2634 825 2689 864 ea
2716 824 2772 864 re
2801 806 2958 881 quod.

675 891 936 947 formulae
982 893 1135 965 quasi
1178 892 1349 946 instar
1392 898 1476 946 est
1520 906 1738 947 omnem
1770 905 1908 946 rem.
1983 906 2103 946 nam
2136 893 2336 965 corripi
2369 894 2605 966 priorem
2632 894 2683 947 in
2711 909 2773 948 eo
2802 890 2930 965 quod

674 986 759 1031 est
802 981 981 1032 omnis
1023 985 1085 1031 ut
1127 976 1268 1051 apud
1312 974 1561 1031 Plautum
1607 991 1719 1030 non
1763 984 1847 1030 est
1891 974 2170 1031 insolitum
2217 971 2316 1052 [cl'.
2351 977 2491 1050 prol.
2521 977 2666 1033 Triti.
2700 975 2808 1033 132
2830 968 2931 1050 sq.]

673 1062 746 1115 ita
786 1060 931 1116 idem
974 1060 1382 1116 abiudicandum
1438 1060 1688 1115 existimo
1745 1076 1774 1114 a
1818 1059 2075 1116 Terentio
2134 1069 2190 1116 et
2232 1061 2407 1117 multo
2454 1063 2621 1136 magis
2664 1078 2693 1116 a
2729 1061 2932 1116 Lucilio.

842 1145 902 1200 4.
972 1147 1139 1217 alios,
1183 1152 1245 1200 ut
1290 1152 1382 1199 aut
1426 1142 1545 1200 ficta
1591 1145 1935 1200 accusatione
1979 1159 2103 1199 eum
2149 1147 2241 1219 qui
2287 1144 2449 1202 modo
2495 1145 2653 1202 verba
2695 1145 2815 1202 fecit
2853 1160 2934 1217 pe·

677 1238 790 1284 tant
836 1238 927 1285 aut
973 1229 1118 1285 ultro
1164 1245 1286 1284 eum
1331 1227 1476 1285 unde
1520 1228 1822 1305 periculum
1867 1229 2024 1284 timet
2065 1229 2123 1284 in
2169 1230 2252 1285 ius
2297 1238 2513 1286 vocent.

844 1313 901 1370 5.
958 1323 1194 1388 nugatur
1238 1321 1298 1369 ut
1329 1313 1471 1369 solet
1501 1312 1728 1369 Nonius.
1775 1342 1857 1352 --
1896 1314 2278 1387 philosophus
2289 1339 2307 1379 ,·
2350 1317 2427 1370 ita
2455 1316 2509 1371 in
2541 1315 2644 1372 hoc
2673 1316 2783 1390 ipso
2813 1314 2935 1371 libro

677 1401 862 1455 eidola
908 1406 1083 1472 atque
1126 1404 1368 1468 atomus,
1413 1396 1502 1453 ubi
1549 1397 1704 1471 plura
1747 1395 1815 1452 de
1859 1397 1959 1452 hac
2002 1397 2174 1454 forma
2219 1400 2548 1457 notabimuS.
2700 1414 2707 1417 *

847 1484 903 1541 6.
979 1491 1105 1540 nota
1149 1499 1239 1539 res
1282 1481 1350 1538 de
1393 1480 1688 1538 Polemone
1744 1482 1838 1554 qui
1893 1479 2076 1538 subito
2122 1500 2187 1538 ex
2229 1485 2453 1540 irrisore
2510 1493 2744 1543 sectator
2782 1483 2938 1539 Xeno·

676 1570 836 1624 cratis
880 1568 1193 1641 philosophi
1237 1567 1408 1622 lactus
1454 1575 1555 1622 est.
1646 1567 1762 1621 eius
1821 1567 1980 1622 etiam
2028 1566 2282 1624 Horatius
2337 1570 2577 1625 meminit
2638 1564 2762 1646 [sat.
2800 1568 2856 1639 2,
2884 1567 2937 1638 3,

676 1652 799 1709 253
825 1648 976 1730 sqq]
1004 1654 1280 1726 faciasne
1310 1654 1463 1724 quod
1489 1653 1619 1708 olim
1643 1657 1897 1707 mumius
1919 1651 2227 1709 Polemon?
2265 1670 2457 1725 ponas
2484 1657 2730 1728 insignia
2757 1653 2937 1721 morbi,

670 1738 990 1810 fasciolas,
1053 1739 1300 1809 cubitat,
1349 1737 1610 1809 focalia,
1664 1742 1838 1807 potus
1893 1743 1955 1792 ut
2011 1739 2108 1794 ilie
2161 1740 2375 1794 dicitur
2432 1753 2511 1795 ex
2564 1740 2711 1796 collo
2754 1737 2938 1810 furtim

677 1827 970 1896 carpsisse
1015 1838 1280 1892 coronas,
1321 1828 1686 1894 postquamst
1726 1823 1998 1892 inpransi
2038 1831 2352 1899 correptus
2390 1838 2530 1879 voce
2572 1826 2837 1897 mayistri.
2866 1849 2940 1863 -—-

677 1911 984 1972 trasmisic‚·
1036 1910 1109 1964 ita
1153 1924 1239 1981 ap.
1288 1905 1548 1963 Fronton.
1592 1922 1688 1979 pg.
1738 1904 1860 1962 326
1908 1906 2350 1978 trasferantur3
2402 1909 2474 1964 cl'.
2519 1907 2766 1964 Ribbeck.
2811 1905 2936 1981 prol.

677 1994 798 2048 crit.
843 1994 895 2048 in
941 1992 1102 2066 Verg.
1149 1991 1305 2060 3893
1350 1989 1551 2046 Ritsch.
1600 2006 1790 2063 opusc.
1834 1989 1900 2061 ΙΙ,
1933 1989 2074 2047 569.
2121 2022 2205 2033 -
2249 1993 2485 2049 scholen
2530 2010 2703 2066 quam
2743 1994 2937 2049 dicunt.

678 2078 932 2132 memoria
979 2077 1202 2151 «lignum
1247 2074 1463 2130 scholae
1519 2091 1636 2130 voc.
1688 2073 1929 2130 nondum
1983 2074 2150 2132 fuisse
2204 2084 2288 2132 sat
2343 2078 2606 2133 usitatum
2661 2093 2723 2133 ac
2774 2078 2940 2132 tritum

676 2160 865 2216 Lucilii
907 2161 1074 2217 luisse
1116 2158 1443 2233 aequalibus,
1534 2176 1654 2214 nam
1696 2160 2166 2232 grammaticorum
2197 2160 2416 2217 scholae
2461 2162 2620 2218 huius
2663 2163 2781 2235 ipso
2823 2169 2942 2217 tem-

677 2262 811 2320 pore
854 2246 909 2301 in
953 2244 1107 2316 urbe,
1151 2246 1431 2301 rhetorum
1477 2260 1537 2299 ac
1580 2243 2034 2318 philosophorum
2077 2247 2235 2301 etiam
2279 2248 2455 2302 serius
2501 2247 2867 2320 percrebuere.

848 2331 905 2388 7.
981 2339 1230 2401 atomus,
1296 2345 1455 2401 supra
1508 2330 1914 2401 philosophis,-
1968 2347 2136 2403 porro
2190 2333 2401 2403 adytus
2453 2331 2586 2387 dixit
2641 2332 2810 2386 Attius
2864 2346 2939 2402 ap.

677 2415 815 2471 Non.
861 2416 1006 2487 488,
1039 2415 1099 2487 2,
1144 2430 1319 2487 syrus
1364 2413 1528 2468 Varro
1572 2411 1646 2468 ib.
1690 2413 1795 2486 46,
1827 2413 1884 2470 8.
2196 2441 2199 2443 >
2448 2409 2455 2412 ’

849 2501 906 2559 8.
985 2503 1189 2575 eliyat3
1243 2500 1317 2556 ita
1360 2497 1575 2572 herbas
1622 2499 1832 2573 eiiyere
1876 2499 2023 2556 Varr.
2070 2500 2122 2557 d:
2169 2517 2213 2557 r.
2260 2517 2307 2558 r.
2351 2501 2393 2573 1,
2438 2500 2552 2572 47;
2598 2501 2713 2560 Col.
2759 2500 2838 2574 lV,
2882 2497 2940 2563 ὃς

678 2586 785 2643 Cic.
833 2587 995 2643 Tusc.
1043 2585 1129 2658 ΙΙΙ,
1161 2584 1259 2653 34,
1293 2583 1408 2653 83;
1454 2583 1603 2639 Curt.
1634 2583 1720 2654 lV,
1758 2583 1810 2653 1,
1844 2582 1946 2641 21.
2820 2625 2825 2631 .

850 2671 905 2728 9.
971 2672 1094 2728 Tac.
1140 2680 1263 2726 ann.
1295 2668 1403 2740 XV,
1437 2667 1515 2726 62
1563 2671 1791 2726 occulta
1837 2673 2061 2743 quidem
2103 2673 2184 2728 ad
2217 2687 2505 2743 praesens
2532 2675 2637 2729 sed
2676 2690 2870 2746 maqna
2901 2673 2948 2727 ei

669 2761 938 2828 praemia
985 2763 1039 2813 ec
1083 2770 1347 2812 secessus
1391 2769 1662 2811 amoenos
1693 2759 1996 2826 promittit.

853 2842 951 2899 10.
1026 2845 1079 2897 si
1118 2844 1177 2897 in
1222 2855 1342 2894 cum
1389 2838 1566 2907 hiatu3
1611 2839 1759 2896 conl’.
1807 2839 1861 2896 d.
1906 2857 1951 2895 r.
1997 2858 2068 2898 m.
2114 2839 2259 2900 427.

851 2928 949 2982 11.
1025 2926 1154 2981 haec
1199 2923 1357 2980 verba
1413 2931 1597 2996 aperte
1653 2923 1822 2980 aliena
1878 2941 1906 2980 a
1953 2943 2178 2983 numero
2235 2925 2519 3002 dactylico.
2611 2942 2786 3001 neque
2834 2942 2945 2982 cum

680 3011 1034 3084 explicatione
1079 3010 1234 3065 Nonii
1290 3011 1577 3079 convenire
1632 3008 1845 3064 videtur
1899 3010 2034 3067 illud
2091 3014 2342 3068 anicula.
2431 3013 2601 3086 igitur
2643 3012 2826 3068 reduxi
2867 3011 2943 3067 cd-

682 3105 786 3152 vet.
818 3097 1021 3151 [lousae
1065 3096 1385 3167 scripturam
1416 3109 1552 3167 quae
1583 3101 1640 3149 et
1668 3092 1931 3151 Palmerio
1971 3096 2193 3170 placuit.
2270 3103 2511 3152 ceterum
2549 3113 2818 3170 praecox
2853 3096 2947 3151 hoc

681 3181 803 3237 loco
851 3198 958 3237 non
1004 3188 1088 3237 est
1131 3183 1425 3252 inmatura
1470 3179 1566 3235 s‘ed
1611 3184 1922 3236 temeraria
1967 3183 2078 3235 sive
2121 3183 2571 3239 inconsiderata.

855 3266 951 3322 12.
1024 3265 1154 3321 illud
1199 3267 1260 3320 in
1296 3266 1491 3335 epodis
1532 3280 1598 3319 ex
1643 3262 1797 3338 glosa
1830 3264 1975 3321 verbi
2005 3266 2252 3337 Hymnis
2293 3266 2430 3322 male
2474 3266 2739 3324 intellecti
2783 3273 2946 3323 ortum

681 3368 963 3408 numerum
995 3349 1113 3406 libri
1146 3348 1418 3423 expulisse
1450 3347 1617 3404 videri
1647 3347 1772 3404 alibi
1802 3352 2006 3406 monui.
2038 3381 2122 3391 —
2159 3354 2416 3414 destina5
2461 3352 2594 3408 nihil
2627 3352 2804 3408 obstat
2832 3352 2947 3424 quin

680 3438 735 3491 in
781 3436 885 3491 hoc
930 3434 1188 3491 vocabulo
1233 3450 1451 3489 sensum
1495 3431 1707 3489 finitum
1751 3450 1871 3490 esse
1914 3436 2298 3491 existimemus
2386 3438 2680 3493 destinare
2724 3437 2948 3492 iunctum

631 3580 635 3586 ‚
681 3522 983 3576 accusativo
1006 3537 1126 3575 cum
1157 3518 1443 3591 infinitivo,
1475 3526 1538 3574 ut
1560 3525 1837 3591 eoepetere
1866 3519 2007 3593 apud
2038 3520 2352 3577 Pacuvium:
2384 3523 2445 3578 di
2469 3537 2558 3577 me
2579 3526 2694 3579 etsi
2707 3522 2949 3595 perdunt

682 3612 870 3661 tamen
916 3620 1043 3660 esse
1087 3607 1342 3662 adiutam
1384 3612 1681 3676 expetunt.
1732 3633 1807 3644 -
1853 3613 2092 3660 ceterum
2136 3623 2205 3662 ne
2248 3605 2588 3663 scribendum
2632 3615 2794 3681 putes
2823 3606 2950 3663 Cae·

684 3692 850 3746 cilius
882 3689 1098 3760 Hymni
1138 3691 1279 3760 (nam
1313 3689 1413 3745 suit
1457 3688 1725 3754 eiustalis
1756 3687 2056 3766 comoedia)
2103 3707 2165 3746 ea
2195 3708 2253 3747 re
2297 3689 2584 3765 prohibere
2615 3690 2764 3765 quod
2795 3691 2951 3747 Nonio

682 3789 896 3847 semper
926 3773 1069 3829 solet
1097 3775 1246 3829 citari
1279 3774 1562 3831 Caecilius
1590 3775 1912 3844 Hymnide3
1953 3791 2073 3829 nam
2107 3776 2204 3847 79,
2243 3775 2279 3831 2
2324 3784 2472 3832 recte
2501 3775 2652 3832 docti
2685 3775 2955 3833 Caecilius

683 3858 1004 3932 Hymnide.-
1047 3859 1260 3928 desine,
1307 3857 1397 3913 ubi
1441 3858 1654 3916 codices
1683 3859 1932 3933 ·Hymni.

856 3942 954 3999 14.
1030 3940 1244 3998 videtur
1286 3958 1464 3999 sermo
1522 3960 1645 4000 esse
1699 3943 1766 4000 de
1821 3945 2005 4000 eadem
2057 3943 2285 4019 semina,
2340 3945 2404 4002 ad
2460 3962 2621 4020 quam
2677 3947 2801 4004 data
2842 3953 2954 4003 sunt

682 4028 823 4086 libro
883 4028 1128 4102 proximo
1184 4026 1273 4082 illa
1328 4029 1551 4084 deierat
1607 4033 1753 4086 enim
1796 4046 1859 4087 se
1899 4034 2120 4102 scripse
2161 4048 2209 4086 e.
2255 4049 2309 4105 q.
2348 4048 2429 4101 S.;
2486 4024 2603 4087 eam
2649 4031 2956 4106 Hymnidem

683 4114 850 4169 fuisse
896 4129 1083 4186 parum
1127 4110 1421 4186 probabile.
1469 4142 1545 4151 -—
1594 4132 1747 4171 anno
1794 4114 1861 4170 de
1899 4113 2196 4189 praeterit'o
2240 4124 2484 4189 tempore
2528 4125 2591 4171 ut
2637 4119 2718 4174 ad
2755 4134 2956 4174 annum

685 4196 751 4252 dc
797 4198 1002 4253 futuro.
1048 4227 1130 4238 —
1177 4197 1485 4253 abstuleris
1529 4197 1691 4270 longa
1736 4198 1900 4257 finali.

859 4282 953 4339 15.
1028 4283 1221 4338 mirum
1267 4299 1425 4356 quam
1469 4298 1628 4356 saepe
1682 4284 2041 4341 concredendi
2087 4284 2403 4342 vocabulum
2446 4285 2793 4344 librariorum
2838 4287 2955 4346 dolo

686 4365 757 4425 sit
801 4367 1093 4427 inversum.
1168 4367 1238 4425 cl'.
1286 4383 1423 4447 quae
1468 4368 1649 4425 notavi
1692 4369 1754 4427 ad
1799 4370 1962 4450 Prop.
2008 4371 2051 4448 1,
2086 4370 2186 4449 10,
2220 4372 2319 4433 11.

675 4717 1122 5061 A

2998 5057 3087 5060 s„-
3110 5019 3156 5061 „j
