3267 5075
589 342 675 404 30
1574 342 1792 397 LIBER
1835 342 1903 396 V.

1468 454 1720 569 XXVII
1768 506 1864 585 [8]
1895 526 1986 567 aa

758 619 1055 705 absterge
1098 619 1397 684 lacrimas
1445 623 1510 683 et
1555 620 1739 684 divos
1783 623 1926 683 ture
1971 641 2330 704 precemur,

757 735 1094 800 consilium
1139 734 1315 819 fassi,
1361 735 1693 818 placeatne
1739 736 1980 820 inpune
2026 736 2283 819 luperiS.

1446 849 1730 914 XXVIII
1778 850 1872 932 [5]
1902 852 1999 933 bss

731 965 795 1028 “-
818 1010 854 1028 υ
880 1013 915 1031 s
966 966 1067 1031 dic
1113 963 1431 1051 quaenam
1476 969 1670 1051 cogat
1713 966 1812 1030 vis
1858 966 1950 1030 ire
1994 968 2298 1031 minutim

624 1081 712 1146 40
758 1104 872 1166 per
917 1082 1348 1147 conmissuras
1393 1082 1706 1147 rimarum
1749 1081 1941 1147 nocti’
1987 1083 2265 1167 nigrore.

1429 1195 1646 1261 XXIX
1692 1196 1833 1282 [ΠΙ,
1881 1198 1949 1278 9]
1979 1222 2022 1280 y

756 1313 953 1377 vivite
1000 1314 1322 1398 lurcones,
1368 1313 1779 1398 comedoneS,
1824 1314 2020 1378 vivite
2066 1315 2350 1378 ventres!

1533 1428 1718 1494 XXX
1764 1430 1905 1511 [18]

757 1544 1050 1609 lascivire
1097 1564 1300 1629 genus
1346 1545 1490 1609 nasi
1535 1546 1855 1630 rostrique
1900 1545 2273 1629 repandum.

1545 1660 1762 1724 XXXI
1810 1662 1905 1743 [9]

757 1798 979 1841 verum
1022 1799 1223 1841 unum
1270 1777 1570 1842 cecidisse
1613 1780 1861 1861 tamen,
1908 1775 2062 1841 seni’
2109 1775 2376 1841 Tiresiai

760 1893 1117 1978 aequalem,
1163 1896 1434 1957 constat.

1501 1998 1751 2064 XXXII
1797 2001 1937 2081 [22]

620 2115 710 2181 45
753 2117 1048 2200 possisne
1094 2116 1261 2180 elabi
1308 2138 1392 2180 an
1435 2138 1628 2200 porro
1674 2115 2003 2200 prodenda
2048 2115 2182 2180 dies
2229 2116 2331 2181 sit.

575 2258 673 2310 lib.
706 2258 772 2310 V.
879 2258 1091 2309 XXVII
1134 2261 1240 2308 vet.
1274 2258 1503 2323 interpr.
1536 2258 1636 2309 ad..
1659 2273 1776 2308 aen.
1815 2258 1968 2321 VIII,
1998 2259 2093 2309 106
2129 2271 2217 2322 pg.
2244 2261 2342 2309 100
2366 2258 2432 2309 Κ.
2468 2263 2598 2310 tura
2636 2259 2879 2314 dabant:

586 2355 639 2363 —
660 2326 799 2378 nius*
831 2327 1100 2391 ‘absterge
1134 2354 1200 2364 —
1236 2331 1558 2392 precemur.'
1595 2354 1663 2363 —
1696 2327 1834 2377 Non.
1873 2329 1997 2389 133,
2046 2328 2107 2377 19
2157 2327 2377 2392 lupari
2413 2332 2476 2378 ut
2513 2331 2753 2379 scortari
2787 2329 2877 2380 vel

576 2395 851 2460 prostitui.
908 2397 1041 2445 Atta
1058 2422 1121 2431 —
1143 2394 1449 2445 Lucilius
1475 2394 1565 2445 lib.
1593 2396 1644 2444 V
1668 2399 1725 2445 et
1747 2394 1799 2449 d.
1822 2399 1923 2449 cet.
2018 2393 2259 2444 XXVIII
2300 2397 2440 2447 Non.
2467 2398 2585 2457 515,
2606 2399 2639 2447 3
2661 2397 2875 2448 minu-

576 2463 692 2512 tim
714 2478 812 2527 pro
836 2464 1057 2513 minute.
1106 2462 1414 2514 Lucilius
1450 2461 1543 2513 lib.
1579 2463 1647 2512 V.
1741 2461 1927 2512 XXIX
1962 2461 2097 2512 Non.
2128 2464 2208 2524 10,
2232 2465 2296 2514 31
2327 2478 2370 2512 s.
2398 2478 2450 2512 V.
2475 2463 2787 2518 lurcones
2810 2492 2876 2502 -·-

575 2530 880 2582 Lucilius
917 2538 1223 2596 satyrarum
1248 2530 1366 2582 libr.
1396 2531 1464 2585 II.
1504 2558 1568 2567 --
1603 2531 1933 2596 Pomponius
1954 2558 2017 2567 —
2039 2530 2269 2582 Plautus
2295 2559 2355 2566 —
2375 2529 2687 2584 Lucilius
2726 2539 2875 2598 saty-

575 2615 756 2650 rarum
780 2601 875 2650 lib.
901 2600 964 2650 V.
988 2627 1053 2635 —
1078 2600 1331 2650 Donatus
1354 2598 1422 2649 ad
1442 2600 1565 2650 Ter.
1595 2599 1811 2653 Phorm.
1838 2599 1902 2661 V,
1923 2601 1955 2650 8
1981 2598 2074 2662 (7),
2100 2601 2166 2649 95
2191 2611 2447 2664 pugnos
2480 2601 2547 2650 in
2575 2606 2873 2652 ventrem

572 2668 639 2783 ‹iln
652 2682 838 2785 gevre}²
865 2668 1152 2785 tir-baneiin
1174 2672 1417 2748 ventrem
1443 2669 1600 2784 (Ῑὲαεί
1625 2669 1940 2784 Ρειὶιὲεἰέἑο.ῃ
1955 2683 2028 2717 an
2052 2673 2342 2785 v¹e5181tr2eem
2366 2672 2542 2717 totum
2566 2672 2874 2787 parasitlzum

576 2751 885 2869 qlizddrulpes
919 2749 1585 2869 dlnimdlltsvlsllufficolxrnnia
1619 2803 1876 2853 animalia
1914 2750 2146 2867 pgssfides
2183 2751 2505 2852 dicunlillsslm
2536 2751 2769 2856 1¹33,th
2783 2753 2875 2844 u-n:

575 2871 765 2923 Livius
803 2898 865 2907 —
903 2870 1180 2935 Vergilius
1222 2898 1267 2906 --
1294 2871 1581 2921 Lucretius
1619 2897 1685 2906 -—
1724 2872 2030 2921 Lucilius
2056 2875 2363 2934 satyrarum
2397 2870 2486 2921 lib.
2515 2871 2577 2921 V.
2684 2872 2872 2922 XXXI

576 2941 713 2993 Non.
744 2941 860 3001 235,
887 2942 953 2990 25
984 2938 1302 3005 aequales
1334 2954 1546 2989 rursum
1577 2941 1856 3003 aequaevi.
1925 2938 2194 3003 Vergilius
2222 2964 2288 2974 —
2322 2939 2627 2990 Lucilius
2660 2946 2871 3004 satyra*

576 3022 690 3056 rum
726 3007 821 3057 lib.
845 3008 911 3058 V.
1008 3005 1221 3057 XXXII
1264 3008 1311 3056 N
1315 3022 1402 3057 on.
1426 3008 1543 3068 363,
1569 3009 1630 3056 21
1670 3007 1945 3070 prodere
1978 3021 2167 3057 rursus
2203 3006 2415 3056 differre
2449 3007 2535 3056 vel
2571 3008 2869 3060 excludere.

574 3074 844 3140 Vergilius
880 3101 947 3110 —
981 3069 1289 3125 Lucilius
1324 3081 1627 3137 satyrarum
1663 3074 1758 3128 lib.
1795 3075 1859 3125 V.
1900 3100 1964 3111 —
1998 3076 2140 3124 Don.
2169 3074 2235 3124 ad
2261 3074 2424 3126 Andr.
2447 3075 2521 3138 11,
2549 3079 2594 3138 1,
2621 3080 2686 3127 13
2721 3093 2869 3142 pro·

741 3213 821 3275 37
853 3231 1167 3293 praecemur·
1193 3220 1288 3274 lib.
1341 3218 1702 3290 Veronensis,
1735 3218 1781 3273 L
1808 3218 1859 3273 1.
1972 3218 2052 3275 38
2086 3217 2361 3291 placeatne
2393 3219 2456 3275 M
2484 3218 2607 3276 439
2641 3218 2868 3292 (placcat

570 3308 683 3359 iam
730 3303 1015 3378 Scaliqer)
1070 3303 1283 3377 placent
1338 3310 1468 3358 tune
1523 3306 1747 3375 scripti.
1792 3334 1876 3344 -—
1928 3303 2130 3376 luperis
2190 3304 2378 3373 Scal.,
2437 3302 2684 3377 superbis
2740 3307 2870 3361 cdd.

743 3389 822 3446 39
884 3405 1144 3462 quaenam
1203 3388 1295 3460 M,
1354 3404 1489 3461 quae
1548 3397 1599 3444 te
1655 3389 1776 3459 Dp,
1836 3404 1995 3461 quam
2051 3389 2212 3458 cdd„
2272 3395 2520 3461 excepto
2576 3391 2731 3461 quod
2785 3396 2869 3445 est

572 3474 786 3546 quando
834 3478 894 3530 in
940 3473 1131 3546 Guelf.
1191 3475 1458 3530 chartac.
1515 3504 1600 3514 —
1655 3474 1861 3548 cogitat
1915 3474 2061 3529 idem
2118 3490 2246 3529 cum
2301 3473 2494 3531 Paria
2556 3473 2738 3531 7657.
2782 3504 2868 3520 -—

571 3559 648 3613 vis
692 3559 772 3613 ire
820 3559 883 3629 G,
933 3559 1237 3630 Reatinus,
1284 3559 1443 3613 visire
1488 3559 1535 3614 L
1572 3561 1639 3630 1,
1687 3560 1857 3613 tusire
1902 3558 1947 3613 L
1982 3556 2041 3628 2,
2088 3566 2176 3614 tus
2221 3559 2302 3614 ire
2344 3559 2487 3619 Par.
2539 3558 2722 3616 7666.

571 3641 655 3700 40
685 3645 1064 3699 commissuras
1095 3647 1319 3715 scripti.
1358 3674 1432 3682 —
1467 3644 1684 3717 nigrere
1712 3643 1953 3711 Bamb.;
1985 3644 2167 3715 rigore
2197 3645 2284 3700 cd.
2323 3645 2466 3700 Βαε.
2577 3643 2656 3698 41
2690 3645 2870 3700 venile

572 3730 659 3783 ed.
689 3744 803 3799 pr„
854 3728 1017 3785 Rom.
1063 3758 1147 3768 —-
1192 3729 1486 3803 glaucones
1527 3745 1640 3799 pro
1685 3727 1938 3784 lurcones
1982 3736 2205 3784 veteres
2246 3730 2385 3786 libri
2424 3729 2676 3799 Dousae,
2724 3730 2782 3784 h.
2817 3744 2867 3785 e.

571 3814 693 3869 edd.
735 3817 950 3884 prino„
980 3812 1163 3881 Rom„
1212 3815 1445 3883 Veneta,
1490 3816 1547 3867 in
1594 3814 1799 3885 quibus
1843 3820 1928 3869 est
1971 3813 2289 3884 clauconcs3
2335 3816 2486 3870 unde
2532 3814 2688 3871 Scal.
2721 3815 2865 3886 effe·

571 3901 649 3953 cit
692 3896 969 3971 glutones».
1013 3928 1095 3936 ——
1141 3906 1355 3952 ventres
1401 3898 1574 3969 Bon„
1621 3898 1823 3953 ventris
1865 3898 2001 3954 libri
2030 3898 2175 3954 Non.
2310 3898 2391 3955 42
2438 3899 2552 3954 nasi
2584 3900 2671 3954 ed.
2720 3900 2862 3955 Luc,

574 3982 791 4052 Turio„
829 3983 1030 4056 praef.
1080 3981 1192 4051 623
1238 3983 1341 4038 nisi
1388 3984 1515 4038 cdd.
1659 3981 1739 4039 43
1788 3998 1971 4038 verum
2021 3983 2140 4051 Me,
2192 3990 2433 4040 veterum
2477 3985 2604 4040 cdd.
2657 4014 2726 4022 —
2778 4000 2865 4038 ee-

567 4066 792 4124 cidisset
824 4083 854 4122 a
883 4083 968 4123 me
998 4069 1044 4123 L
1078 4068 1147 4135 13
1194 4067 1454 4122 cecinisse
1495 4067 1908 4124 Frarzclcenius
1946 4068 1995 4137 I,
2032 4066 2128 4124 28.
2161 4098 2245 4107 -
2288 4069 2424 4125 seni·
2466 4069 2633 4141 idem,
2677 4084 2865 4124 senem

567 4154 612 4207 L
647 4153 714 4226 1,
758 4168 818 4208 se
862 4168 1046 4208 senem
1095 4152 1142 4210 G
1155 4175 1174 4215 ,·
1228 4167 1358 4206 sene
1402 4151 1517 4208 Me.
1584 4181 1651 4192 —
1713 4152 1934 4208 Tiresiai
1979 4146 2143 4224 idem,
2190 4152 2447 4208 Tiresiam
2492 4157 2718 4225 scripti.

566 4269 647 4326 45
691 4272 870 4344 possis
915 4272 1032 4327 sine
1077 4269 1293 4326 elabcan
1336 4270 1397 4326 B.
1442 4300 1526 4313 —
1569 4287 1735 4344 porro
1767 4288 1871 4327 om.
1919 4273 2043 4327 cdd.
2081 4271 2225 4328 Non.
2281 4303 2349 4312 —-
2397 4235 2465 4328 sit
2491 4242 2549 4272 m.
2578 4232 2602 4270 2

570 4364 665 4412 tur
710 4355 1020 4429 Terentius)
1066 4358 1112 4412 L
1162 4357 1214 4413 1.

2655 4268 2858 4345 (sequi-
