3267 5075
923 457 932 465 ,
1006 379 1246 440 DUBIA.
1330 381 1558 440 MAGIS
1597 379 1981 440 snsPEcTA.
2443 393 2453 401 ·
2508 378 2638 448 287

351 553 602 623 banstae3
648 561 872 628 apparet
899 560 1047 609 certe
1089 547 1247 609 verba
1292 569 1429 627 quae
1474 561 1736 610 secuntur
1762 569 1883 609 esse
1914 548 2198 627 oratoris):
2244 554 2471 610 videres
2499 554 2648 609 alios

351 645 595 696 ructare
640 655 716 694 ac
758 648 1043 708 respuere
1079 638 1480 709 pulcherrima
1526 639 1823 711 superbia.

520 722 580 778 5.
656 722 711 777 id
756 721 902 794 qnod
948 722 1034 778 ed.
1080 739 1161 795 pr.
1209 721 1365 779 Char.
1412 721 1700 779 exhibetur
1741 726 2000 795 iuyerum
2058 731 2116 777 ut
2162 687 2419 778 abhorret
2461 740 2490 777 a
2541 731 2644 778 tra·

351 808 499 879 dius,
545 810 618 863 ita
665 822 732 862 ne
776 823 873 880 per
914 823 975 862 se
1020 805 1235 880 quidem
1267 806 1428 863 babet
1457 806 1658 863 locum.
1735 823 1856 863 nam
1887 805 2114 863 debebat
2143 816 2292 862 certe
2323 818 2442 863 esse
2485 808 2643 880 ἰαθε-

350 908 564 963 rerum,
599 891 761 965 -quod
805 891 1194 947 commendavit
1239 889 1607 947 Laclimaunns
1651 908 1844 948 comm.
1879 890 2037 948 anr.
2071 890 2214 948 363.
2292 892 2419 947 mibi
2466 900 2644 947 tamen

349 993 447 1034 cur
489 984 759 1034 naterum
802 975 1000 1031 dixisse
1047 991 1239 1050 negem
1300 984 1576 1032 auctorem
1633 978 1959 1050 quicumque
2017 975 2118 1031 l'uit
2179 993 2288 1033 nou
2333 984 2641 1049 comparet3

348 1078 467 1117 nam
515 1071 575 1117 ut
620 1077 815 1135 saepe,
870 1062 944 1115 ita
989 1060 1403 1134 haudquaquam
1425 1076 1662 1135 ‚semper
1713 1062 1870 1116 metri
1915 1061 2236 1116 necessitate
2277 1060 2491 1117 adducti
2534 1060 2644 1115 l'or-

349 1163 458 1202 mas
504 1144 795 1202 verborum
839 1153 1112 1200 novarunt
1155 1153 1348 1218 poetae
1395 1154 1621 1201 veteres
1697 1144 1791 1200 sed
1825 1144 2010 1201 Lucilii
2055 1147 2128 1200 sit
2174 1162 2343 1202 necne
2372 1154 2643 1202 umerum

347 1247 458 1287 non
501 1232 635 1286 satis
679 1238 925 1299 constat3
971 1230 1222 1303 quoniam
1267 1230 1321 1285 in
1368 1238 1549 1286 vetere
1593 1229 1733 1285 libro
1781 1229 1987 1284 ”ousae
2033 1229 2136 1285 fnit
2183 1228 2483 1287 Caecilius.

519 1333 575 1388 7.
652 1331 869 1388 Homeri
914 1347 1101 1387 versus
1146 1327 1275 1387 sunt
1317 1331 1376 1388 ll.
1424 1331 1489 1404 n,
1533 1330 1682 1404 489,
1729 1333 1811 1390 90

603 1451 738 1516 οὐδ’
783 1455 848 1517 εἴ
881 1477 980 1533 μοι
1020 1453 1165 1517 δέκα
1202 1454 1314 1535 μὲν
1350 1456 1646 1554 γλῶσσαι,
1686 1457 1833 1518 δέκα
1876 1453 1944 1517 δὲ
1983 1449 2221 1535 στόματ’
2270 1449 2422 1536 εἶεν,

602 1540 778 1620 φωνὴ
819 1537 881 1600 δ’
922 1539 1243 1622 ἄρρηκτος,
1284 1543 1537 1620 χάλκεον
1576 1534 1646 1602 δέ
1685 1563 1784 1621 μοι
1821 1534 1964 1622 ἦτορ
2007 1540 2182 1619 ἐνείη.

342 1692 586 1740 ceterum
630 1682 900 1739 simillima
943 1692 1071 1748 sunt
1117 1682 1262 1739 Furii
1307 1701 1443 1758 quae
1490 1683 1751 1757 leguntur
1794 1702 1879 1760 ap.
1927 1683 2083 1740 Macr.
2128 1684 2215 1756 Vl,
2260 1684 2320 1756 3,
2354 1684 2390 1741 6
2437 1702 2549 1742 non
2595 1689 2646 1742 si

344 1770 484 1826 mihi
522 1772 760 1842 linquae
803 1775 1033 1825 eentum
1078 1775 1252 1841 atque
1296 1786 1404 1825 ora
1449 1772 1596 1827 siene
1643 1772 1867 1827 totidem
1912 1785 2195 1843 vocesque
2235 1772 2511 1843 liquatae.
2561 1801 2637 1809 -

343 1854 454 1910 salli
510 1861 694 1909 autem
751 1854 845 1926 qui
898 1861 1209 1909 statuerunt
1264 1852 1559 1928 Vergilium
1615 1856 1847 1928 primum
1901 1853 2160 1911 adlectivo
2220 1870 2432 1911 aereus
2484 1871 2641 1910 nsum

343 1947 569 2013 apparet
615 1939 722 1993 boc
766 1936 918 2002 loco;
977 1955 1078 1994 nec
1120 1941 1296 1993 minus
1344 1937 1595 1994 Varronis
1641 1939 1818 1997 verbis
1864 1956 2000 2013 quae
2044 1939 2152 2013 leg.
2199 1957 2284 2013 ap.
2333 1939 2469 1996 Non.
2520 1939 2639 1997 179

341 2041 385 2079 3.
434 2041 484 2080 ν.
535 2031 679 2079 terta
724 2039 902 2078 aerea
949 2030 1099 2080 terta
1154 2026 1294 2081 nitet
1345 2025 1547 2097 melea,-
1596 2021 1693 2079 ‘ubi
1739 2024 1875 2081 male
1918 2023 1957 2078 L
2008 2026 2038 2079 1
2099 2040 2264 2080 area.
2349 2023 2446 2080 sed
2497 2027 2640 2080 enim

344 2107 518 2180 multo
563 2109 669 2163 iani
716 2109 869 2180 prius
913 2107 1173 2164 Caecilius
1217 2125 1301 2180 ap.
1350 2107 1512 2165 eund.
1563 2107 1683 2164 134
1729 2127 1771 2164 3.
1807 2127 1855 2165 ν.
1904 2108 2091 2164 licitari
2138 2112 2275 2182 quin
2319 2109 2640 2167 machaera

342 2194 567 2250 licitur-i
609 2193 914 2249 adversum
960 2208 1197 2249 aereum
1243 2196 1464 2264 coepsti
1505 2195 1697 2249 sciens
1708 2219 1725 2257 ,·
1780 2211 1904 2249 nam
1947 2193 2077 2249 illud
2125 2194 2386 2251 aheneus
2426 2210 2641 2268 semper

344 2286 611 2350 quattuor
653 2276 874 2350 syllabis
920 2276 1246 2334 efferendum
1292 2278 1393 2333 etsi
1452 2275 1652 2334 frustra
1696 2289 1987 2334 monentur
2033 2278 2276 2352 plerique
2321 2280 2416 2353 qui
2459 2289 2642 2353 poeta·

343 2379 462 2417 rum
508 2362 685 2418 edunt
728 2361 917 2433 libros,
960 2370 1137 2419 tamen
1181 2378 1268 2417 res
1314 2361 1453 2418 baud
1499 2360 1679 2429 dubia.

517 2446 622 2506 12.
698 2445 762 2501 ad
817 2445 950 2502 illud
1000 2450 1264 2519 priorum
1320 2455 1509 2503 notant
1564 2447 1799 2503 scholia:
1857 2442 2027 2505 Lucili
2085 2457 2140 2504 et
2183 2458 2510 2505 ceterorum.
2561 2479 2638 2488 —

343 2543 592 2591 ceterum
652 2530 903 2588 lubenter
959 2533 1283 2589 assentimur
1338 2533 1466 2588 viris
1506 2531 1693 2588 docus
1745 2534 1838 2606 qui
1876 2532 1964 2589 illa
2021 2532 2196 2591 ‘cuius
2251 2531 2384 2589 non'
2427 2552 2475 2603 e,
2513 2552 2567 2607 q.
2592 2552 2637 2590 3.

345 2618 552 2674 Lucilio
611 2617 887 2694 tribuunt,
946 2626 1003 2672 ut
1049 2627 1224 2673 tamen
1268 2617 1478 2674 credam
1524 2620 1576 2673 in
1622 2618 1706 2673 his
1751 2618 1951 2691 aliquid
1998 2618 2144 2693 quod
2202 2621 2357 2674 nimis
2413 2618 2643 2674 referret

345 2704 726 2777 antiquitatem
769 2700 833 2761 ab
879 2702 1123 2759 luvenale
1167 2704 1461 2773 inversum,
1510 2712 1568 2758 ut
1613 2712 1744 2778 puta
1790 2702 2216 2778 monosyllabum
2263 2707 2444 2761 cuius,
2521 2720 2638 2759 nam

346 2788 571 2844 verbum
632 2788 819 2857 audeo
872 2786 1135 2861 dactylice
1191 2796 1250 2843 nt
1294 2788 1513 2843 eil'erret
1559 2786 1797 2844 Lucilius
1855 2787 1969 2845 lieri
2027 2788 2176 2844 nullo
2224 2789 2385 2844 modo
2430 2790 2637 2862 potuit;

342 2873 516 2930 cl'..d.
569 2890 616 2928 r.
665 2889 735 2929 m.
784 2872 906 2930 336
936 2889 1020 2945 sq,

1249 3081 1414 3158 Magis
1459 3092 1730 3157 suspecta.

523 3233 582 3288 1.
657 3231 762 3286 boc
816 3230 1178 3304 fragmentum
1238 3230 1448 3304 qnidam
1506 3230 1727 3303 Lucilii,
1771 3231 1860 3287 alii
1921 3230 2072 3287 Ennii
2128 3240 2430 3288 saturarum
2491 3230 2640 3288 libris

348 3316 611 3374 tribuere.
701 3315 795 3370 sed
842 3317 1042 3370 rectius
1087 3315 1298 3371 videtur
1343 3315 1662 3372 Ribbeckius
1711 3317 1854 3372 bunc
1899 3332 2113 3372 versum
2158 3315 2456 3372 adscribere
2486 3315 2642 3372 Pom-

345 3404 515 3475 ponio
562 3401 721 3456 cuius
766 3416 962 3456 nomeu
1006 3400 1309 3473 praecedit3
1357 3401 1514 3457 liuius
1559 3403 1701 3457 enim
1749 3400 2041 3458 Atellanam
2088 3401 2309 3496 Saturae
2356 3400 2516 3456 titulo
2563 3402 2640 3456 in-

344 3488 610 3560 scriptam
657 3484 737 3541 bis
782 3484 959 3540 adfert
999 3484 1317 3542 Priscianus,

520 3570 582 3627 3.
655 3570 918 3626 sententia
986 3570 1179 3625 horum
1236 3568 1520 3625 verborum
1577 3569 1807 3626 obscura
1872 3571 1983 3625 sive
2048 3570 2232 3643 potins
2287 3567 2637 3626 subabsurda.

347 3674 467 3713 nam
515 3657 564 3711 si
612 3656 870 3711 cadaver
912 3653 1109 3709 dicitur
1153 3671 1248 3728 per
1290 3656 1596 3711 irrisionem
1642 3656 1857 3728 quidam
1891 3655 2052 3710 bomo
2096 3655 2243 3710 vivus
2272 3653 2520 3728 Lucilio„
2545 3672 2643 3711 eur

345 3741 594 3798 additum
638 3738 771 3795 illud
816 3740 1101 3811 capulare
1162 3741 1193 3794 i.
1241 3757 1290 3796 e.
1348 3747 1548 3812 aptum
1603 3744 1814 3796 morti?
1870 3756 2067 3816 ‘quare
2122 3756 2244 3795 cum
2301 3742 2642 3796 inveniantur

346 3826 487 3900 apud
521 3824 895 3899 Fulgentium,
928 3824 1197 3881 hominem
1227 3826 1668 3898 nugacissimum,
1702 3840 1765 3879 ea
1793 3824 1938 3880 inter
1966 3823 2159 3880 dubiae
2192 3823 2312 3881 lidei
2345 3825 2641 3899 fragmenta

341 3912 556 3967 rel'erre
603 3911 776 3966 tutius
819 3910 1007 3964 visum.
1187 3971 1190 3974 ,

518 3996 583 4052 6.
657 3994 788 4049 baec
829 4010 951 4049 cum
994 3993 1137 4068 apud
1167 3992 1474 4050 Lucretium
1520 4010 1697 4068 neque
1735 3995 2077 4069 reperiantur
2125 4011 2299 4067 neque
2345 4011 2506 4068 posse
2552 4012 2640 4050 ex-

345 4090 460 4137 tare
505 4079 795 4137 videantur
836 4078 1032 4154 (neque
1080 4080 1298 4134 omuino
1346 4096 1507 4135 nasus
1554 4083 1665 4135 sive
1714 4097 1898 4137 nasum
1946 4081 1998 4135 in
2043 4082 2159 4135 eins
2205 4079 2353 4134 libris
2393 4077 2640 4153 legitur),

346 4167 502 4222 suere
549 4157 645 4238 qui
692 4164 974 4220 crederent
1003 4162 1192 4220 Lucilii
1237 4180 1432 4219 nomen
1479 4181 1598 4220 esse
1634 4164 2090 4220 substituemlum.
2168 4173 2235 4223 et,
2269 4164 2392 4219 licet
2424 4163 2639 4236 quidem

343 4267 540 4307 versus
592 4266 701 4305 non
746 4250 899 4304 nimis
944 4265 1070 4303 sane
1116 4248 1380 4322 elegantis
1426 4251 1661 4323 speciem
1707 4250 2088 4304 reconcinnare
2135 4251 2234 4304 ita:

613 4404 798 4443 nasum
843 4387 1110 4443 diductius
1160 4388 1318 4461 paulo
1365 4404 1520 4460 quam
1567 4386 1783 4461 paudiu'
1832 4387 2054 4460 vellem3
