3267 5075
942 1247 1061 1319 IV.
1170 1246 1472 1320 INDEX
1526 1247 1860 1320 RERUM
1884 1330 1893 1338 ,
1915 1247 2515 1322 NOTABILIUM

1312 1367 1410 1433 IN
1457 1367 2151 1436 COMMENTARIIS.

586 1535 1027 1602 orthographica.
1059 1542 1114 1587 et
1149 1538 1503 1601 grammatica
1527 1553 1649 1587 cum
1671 1538 1790 1603 ipso
1814 1538 2103 1589 verborum
2138 1539 2312 1589 indice
2344 1545 2886 1605 repraesentarentur

584 1620 695 1655 non
730 1605 934 1671 ubique
968 1605 1058 1655 hic
1090 1601 1200 1655 loci
1234 1607 1566 1668 notavimus,
1605 1603 1740 1656 illud
1774 1605 2044 1657 addidisse
2090 1607 2335 1657 contenti
2380 1609 2473 1657 vix
2508 1624 2763 1674 umquam
2800 1610 2883 1659 in-

586 1672 849 1723 solentias
883 1672 1181 1723 dictionum
1215 1672 1421 1735 Lucilii
1466 1673 1893 1740 qualescumque
1940 1676 2055 1724 suis
2099 1690 2284 1725 carere
2328 1678 2660 1727 commentis.
2694 1704 2762 1712 -
2799 1692 2886 1726 res

588 1741 657 1789 ad
693 1744 868 1790 metra
903 1742 1240 1806 pertinentes
1286 1741 1525 1806 exceptis
1571 1742 1945 1806 paucissimis,
1985 1758 2126 1808 quae
2164 1743 2223 1792 in
2260 1742 2397 1793 libro
2432 1744 2483 1793 d.
2524 1760 2571 1797 r.
2610 1760 2679 1795 m.
2724 1761 2779 1809 p.
2815 1744 2884 1796 L.

586 1811 683 1857 aut
708 1809 928 1859 omnino
965 1825 1077 1859 non
1100 1808 1440 1858 haberentur
1475 1815 1572 1859 aut
1611 1824 1786 1867 secus,
1823 1810 1882 1858 in
1917 1809 2063 1859 hunc
2089 1810 2318 1860 indicem
2355 1826 2464 1860 non
2493 1812 2789 1866 retulimus.
2814 1839 2883 1848 —

585 1892 655 1926 ex
692 1877 1026 1928 coniecturis
1064 1891 1159 1927 eas
1207 1877 1323 1926 fere
1370 1875 1586 1927 silentio
1634 1878 2046 1941 praeteriimus‚
2093 1893 2231 1942 quae
2277 1878 2344 1927 ad
2379 1880 2544 1928 Nonii
2580 1879 2882 1929 aliorumve

585 1944 1059 2006 grammaticorum
1109 1944 1274 1995 verba
1326 1945 1660 1993 emendanda
1713 1949 2042 2010 spectarent.
2112 1962 2234 1995 nam
2280 1947 2349 1996 ab
2396 1947 2886 1998 emendatiunculis

1291 2010 1493 2061 talibus
1532 2014 1654 2077 quis
1689 2012 1919 2076 gloriam
1956 2014 2173 2078 speret?

586 2194 620 2227 a
654 2177 840 2228 littera
875 2180 991 2229 222.
1756 2177 1812 2227 ai
1844 2182 2025 2241 genet.
2060 2184 2117 2229 et
2152 2177 2263 2230 dat.
2303 2181 2430 2242 222,
2465 2182 2581 2231 223.

583 2246 771 2296 abbito
806 2248 924 2309 225,
958 2247 1074 2298 226.
1756 2272 1825 2281 -
1859 2246 1914 2295 ai
1947 2246 2007 2296 in
2041 2260 2167 2310 gen.
2201 2260 2517 2311 graecorum
2551 2250 2667 2298 214.

583 2313 735 2362 abire
771 2328 869 2378 pro
907 2313 1058 2363 obire
1093 2314 1208 2363 267.
1757 2312 1937 2365 'alatus
1972 2316 2092 2365 266.

582 2381 860 2432 ablativus
895 2380 1005 2431 loci
1030 2397 1152 2430 cum
1184 2380 1546 2431 substantivis
1583 2382 1704 2430 iun-
1756 2379 1882 2431 alba
1916 2382 2060 2432 linea
2094 2385 2211 2433 259.

653 2456 776 2499 ctus
811 2451 930 2500 276.
1757 2449 2023 2501 Albucius
2059 2452 2176 2501 274.

581 2515 858 2569 ablativus
893 2517 1153 2583 temporis
1187 2518 1304 2568 238.
1757 2516 1920 2567 alium
1955 2520 2073 2570 236.

581 2585 894 2650 abstergere
930 2590 986 2636 et
1018 2585 1325 2648 abstergere
1361 2587 1478 2635 220.
1755 2584 2040 2637 Ambivius
2075 2586 2193 2636 278.

579 2653 858 2704 abstracta
890 2653 976 2703 vel
1016 2653 1319 2703 inanimata
1353 2653 1586 2702 subiecti
1620 2653 1700 2702 vi·
1754 2653 2104 2718 amphitapus
2141 2655 2255 2705 197.
2328 2655 2640 2719 amphitapa
2675 2653 2815 2706 ibid.

650 2736 763 2770 cem
799 2721 1101 2771 obtinentia
1135 2722 1251 2772 239.
1754 2721 2066 2786 anaphorae
2100 2736 2251 2772 amor
2284 2723 2484 2773 nimius
2521 2726 2635 2775 273.

581 2787 917 2839 abundantia
942 2788 1157 2838 dicendi
1191 2788 1363 2853 epicis
1395 2795 1452 2838 et
1476 2789 1700 2853 tragicis
1752 2786 1959 2853 angina
1992 2791 2108 2841 267.

648 2857 814 2906 solita
847 2856 1244 2923 antiquissimis
1277 2858 1394 2910 293.
1751 2871 1896 2905 anno
1932 2859 2057 2920 228;
2094 2859 2212 2909 256.
2280 2856 2350 2908 ad
2386 2872 2588 2909 annum
2620 2855 2755 2913 ibid.

579 2923 916 2974 abundantia
951 2924 1220 2975 orationis
1256 2925 1383 2985 21ος
1418 2926 1536 2976 251.
1751 2923 2104 2989 anthologiae
2138 2925 2236 2975 lat.
2276 2941 2492 2976 carmen
2527 2928 2643 2976 282.

582 2993 842 3055 accipere,
876 2997 1114 3043 tractare
1149 2993 1275 3053 2463
1311 2993 1428 3053 258,
1466 2995 1549 3044 59.
1752 2991 1980 3058 antiqua
2013 2993 2322 3044 Atticorum
2357 2993 2631 3043 comoedia
2664 2996 2784 3045 321.

579 3059 796 3122 Accius,
834 3075 944 3110 non
977 3060 1165 3110 Attius
1190 3062 1310 3111 320.
1381 3060 1499 3111 eius
1534 3074 1699 3125 opera
1754 3059 2045 3124 appellare,
2079 3060 2474 3126 reprehendere
2507 3064 2634 3124 2363
2672 3064 2792 3112 254.

647 3132 866 3192 praeter
909 3127 1216 3192 tragoedias
1268 3129 1557 3182 317—319.
1634 3129 1700 3179 A.
1753 3128 1895 3192 apud
1935 3144 2032 3193 pro
2067 3129 2137 3177 ad
2173 3130 2296 3189 2283
2334 3129 2452 3182 269.

647 3212 774 3246 num
794 3195 858 3245 de
876 3195 1262 3260 orthographia
1280 3195 1563 3260 scripserit
1581 3196 1700 3246 318.
1754 3194 1922 3258 Apuli
1957 3198 2084 3260 2763
2121 3196 2238 3249 277.

646 3265 767 3344 eius
803 3263 1008 3329 placita
1051 3263 1119 3312 ad
1153 3267 1367 3344 ‘recta-m
1409 3263 1699 3314 verborum
1751 3262 1956 3343 Apu-lia
1990 3265 2106 3358 259.

646 3333 1557 3463 ῗῃίἵιωξἓιῐῗὶιὶίερζιξὲἓῗεὴὲτέἒέεἷο
1577 3334 1699 3448 {332
1755 3330 2042 3448 {rrrtffgihml
2052 3334 2179 3450 9285..7
2206 3405 2503 3451 arustaena
2536 3397 2672 3451 ibid.

647 3483 764 3517 mae
807 3468 1107 3519 observans
1159 3469 1279 3521 322.
1367 3466 1484 3517 eius
1536 3466 1698 3516 hexa-
1759 3491 1815 3516 .—
1857 3483 1919 3517 as
1955 3483 2053 3532 pro
2089 3499 2157 3508 -
2190 3481 2291 3518 ans
2328 3467 2445 3517 sim.
2483 3469 2582 3519 267
2593 3486 2608 3532 ;
2647 3471 2766 3519 280.

646 3535 802 3584 metri
837 3540 923 3586 sat
957 3535 1078 3585 duri
1112 3531 1246 3585 ibid.
1752 3559 1821 3568 —
1855 3549 2037 3585 assere
2071 3533 2377 3585 infinitivus
2411 3537 2526 3586 250.

579 3602 778 3653 Accius
802 3618 902 3653 em.
927 3604 1053 3666 2063
1090 3605 1214 3666 21ος
1250 3605 1376 3665 211,
1411 3603 1533 3664 216;
1571 3605 1698 3665 219,
1753 3602 2020 3665 asyndeta
2092 3602 2404 3668 frequentia
2481 3604 2877 3655 vetustissimis

551 3704 557 3708 -
647 3673 773 3735 22ος
810 3672 935 3732 258,
970 3673 1089 3722 262.
1823 3670 2005 3734 poetis
2043 3671 2230 3722 latinis
2265 3673 2391 3734 2023
2428 3673 2545 3721 204.

580 3738 900 3789 accumbere
934 3740 1050 3790 sim.
1087 3754 1210 3788 cum
1243 3753 1422 3792 accus.
1457 3740 1573 3789 234.
1752 3736 2031 3790 Ausonius
2076 3754 2267 3803 parum
2309 3738 2440 3788 felix
2481 3739 2723 3789 imitator
2758 3739 2873 3790 Lu-

577 3821 874 3872 acupenser
907 3809 1024 3858 208.
1823 3804 1940 3855 cilii
1973 3809 2093 3857 298.

578 3899 646 3909 -
680 3875 750 3924 ad
785 3889 884 3939 pro
909 3900 975 3910 —
997 3880 1057 3925 at
1089 3877 1216 3937 218;
1252 3877 1370 3925 261.

578 3957 642 3991 ae
661 3941 1029 4007 diphthongus
1046 3942 1106 3992 in
1123 3941 1227 3992 fine
1244 3943 1568 3992 creticorum
1587 3957 1699 3991 non
1752 3940 2024 4007 baceolus‚
2060 3936 2312 4008 βαῖκηλος
2345 3944 2462 3994 234.

646 4011 783 4061 elisa
818 4011 876 4060 in
912 4010 1239 4062 hexametris
1274 4013 1391 4062 268.
1752 4007 1954 4059 bellum
1987 4010 2254 4060 Punicum
2288 4012 2512 4061 tertium
2545 4013 2667 4061 200.

579 4083 829 4142 aetatem,
863 4076 1062 4128 multos
1098 4093 1271 4129 annos
1305 4080 1424 4130 272.
1752 4077 2031 4129 blaterare
2067 4081 2183 4131 271.

576 4145 835 4198 Afranius
878 4160 975 4201 em.
1020 4148 1147 4211 2003
1203 4148 1328 4207 2033
1385 4149 1509 4211 2073
1566 4148 1696 4209 224;
1750 4144 1935 4195 bibere
1970 4146 2039 4196 ab
2074 4159 2280 4197 summo
2317 4149 2434 4198 213.
2499 4152 2508 4163 “

647 4217 771 4277 237;
807 4214 935 4279 26ος
970 4216 1085 4265 281.
1751 4213 1892 4263 bono
1929 4213 2116 4269 animo
2145 4229 2219 4275 es,
2255 4213 2519 4264 formulae
2552 4213 2732 4265 instar
2754 4216 2878 4264 262.

579 4281 634 4330 ai
671 4297 833 4332 corru
870 4286 930 4331 ta
963 4296 997 4331 a
1031 4281 1268 4333 librariis
1303 4284 1427 4344 230;
1465 4283 1567 4333 234
1589 4280 1662 4333 al.
1749 4280 1849 4332 bos
1883 4281 1944 4330 in
1977 4297 2103 4333 arce
2139 4284 2257 4333 230.

579 4351 634 4398 ai
667 4299 1017 4414 dissyli‘abum
1053 4349 1112 4400 in
1146 4355 1348 4414 genet.,
1384 4351 1576 4400 nonin
1599 4349 1697 4400 da·
1750 4350 1911 4411 bova,
1949 4365 2057 4399 non
2096 4351 2200 4400 boa
2237 4351 2353 4400 275.

646 4417 743 4467 tiv.
778 4420 903 4480 230,
938 4419 1056 4468 231.
1747 4416 2036 4467 bovinator
2070 4421 2185 4471 233.
