3267 5075
1070 428 1169 483 EX
1206 426 1439 484 LIBRIS
1475 425 1831 484 INCERTIS.
2464 423 2599 487 283

478 592 619 652 100.
696 594 961 653 simillima
1019 595 1184 653 tradit
1236 594 1701 652 Pseudoasconius
1755 596 1809 650 in
1865 595 2035 651 Cicer.
2095 593 2201 650 div.
2259 611 2472 667 paragr.
2519 593 2602 651 50

298 699 400 755 pg.
453 679 579 737 120
608 679 693 735 cd.
726 680 916 750 Orell..
961 680 1055 736 secl
1087 680 1293 737 ‹liversa
1339 680 1501 752 longe
1549 679 1742 736 Festus
1793 679 1931 749 134,
1978 679 2182 735 Nonius
2215 680 2313 746 65,
2363 678 2601 735 isidorus

297 784 386 823 or.
421 765 533 840 XV,
565 765 621 828 3,
659 765 758 837 11,
803 765 922 833 alii3
970 764 1191 821 videnda
1236 783 1373 840 quae
1419 773 1677 822 notarunt
1707 764 1805 820 011.
1841 764 2132 820 Muellerus
2162 764 2226 819 ad
2270 764 2416 819 Paul.
2451 763 2599 829 135;

299 849 598 907 Tcull'elius
645 851 924 925 encyclop.
973 850 1161 924 philol.
1211 851 1314 921 llll,
1366 848 1559 919 13583
1605 850 1871 906 Beckerus
1900 848 2153 923 antiquit.
2185 848 2340 905 Rom.
2385 849 2423 919 l,
2458 848 2599 905 322.

299 935 697 1010 Porphyrionis
744 935 900 991 verlia
947 952 1083 1008 quae
1127 944 1257 992 sunt
1301 951 1452 1009 quae
1497 952 1577 992 ex
1620 951 1687 991 eo
1719 934 1943 991 Maeuii
1983 937 2248 992 columna
2284 936 2602 991 vocabatur

298 1030 423 1079 orta
470 1036 594 1076 esse
638 1020 884 1077 confusis
917 1019 1123 1076 Maenio
1168 1019 1458 1077 ilecoctore
1501 1028 1557 1076 et
1597 1018 1657 1075 C.
1706 1019 1913 1075 Maeuio
1959 1036 2113 1076 conS.
2159 1037 2208 1074 a.
2260 1037 2307 1075 u.
2341 1017 2487 1089 416,
2532 1018 2600 1073 ‹le

298 1123 413 1180 quo
460 1104 669 1161 Plinius
715 1103 957 1173 xxxiiii,
1007 1103 1220 1176 5‚·41:
1277 1109 1567 1179 antiquior
1610 1106 2012 1161 columnarum
2056 1105 2404 1177 celebratio,
2448 1108 2599 1160 sicut

298 1193 361 1249 C.
398 1192 652 1258 Maenio,
701 1195 802 1264 qui
842 1192 1138 1246 devicerat
1180 1194 1409 1261 priscos
1449 1191 1710 1259 Latinos,
1755 1189 1948 1245 statuit
1997 1188 2358 1245 Franckenius
2405 1187 2467 1258 ll,
2497 1186 2598 1243 44.

297 1293 433 1333 sane
479 1277 839 1349 prominentia
888 1273 1118 1331 tabulata
1150 1273 1515 1331 aedificiorum
1561 1273 1625 1329 ab
1671 1274 1776 1330 hoc
1804 1282 2027 1350 auctore
2059 1273 2325 1330 Maeniana
2371 1274 2598 1329 vocitata

298 1368 547 1419 constat.

479 1446 619 1504 101.
694 1453 822 1515 nota
866 1453 995 1502 sunt
1039 1445 1245 1502 Horatii
1290 1447 1450 1502 etiam
1507 1445 1595 1502 illa
1656 1439 1730 1520 [S.
1777 1445 1829 1515 1,
1876 1444 1946 1516 3,
1983 1444 2102 1502 132
2145 1461 2262 1518 sq.;
2318 1462 2405 1518 ep.
2455 1442 2491 1509 Ι,
2544 1444 2601 1515 1,

301 1526 589 1607 106—8]
638 1534 880 1601 sapiens
922 1535 1117 1604 operis
1158 1535 1243 1588 sic
1287 1535 1532 1603 optimus
1560 1535 1742 1587 omnis
1786 1536 1872 1587 est
1916 1529 2138 1602 opifex,
2185 1532 2342 1586 solus
2372 1534 2457 1585 sic
2488 1545 2603 1585 rex

300 1626 358 1674 et
404 1633 578 1691 porro
625 1618 704 1671 ad
743 1632 1047 1672 summam.-
1090 1619 1327 1687 sapiens
1373 1633 1483 1672 uno
1528 1619 1717 1671 minor
1761 1623 1845 1671 ese
1881 1615 2034 1685 love,
2070 1616 2251 1683 dives,
2293 1615 2458 1685 liber,
2503 1614 2601 1669 lio·

300 1710 592 1769 ηοναιιιε,
633 1703 915 1772 pulcher,
970 1716 1084 1758 rex
1127 1702 1371 1774 denique
1411 1715 1639 1773 reyum,
1681 1704 2006 1771 praecipue
2048 1715 2260 1767 sanus,
2320 1702 2432 1755 nisi
2473 1715 2601 1754 cum

295 1790 516 1860 pituita
562 1788 876 1842 molestasl.
941 1815 1013 1826 —
1075 1785 1241 1841 Varro
1296 1784 1462 1858 longe
1517 1785 1658 1857 fugit
1705 1786 1796 1857 qui
1840 1800 1972 1840 suos
2031 1785 2199 1857 fugit:
2255 1786 2410 1840 solus
2467 1799 2601 1851 rex,

297 1875 466 1929 solus
513 1872 738 1941 rhetor,
787 1872 946 1928 solus
985 1871 1350 1943 formonsus,
1390 1869 1594 1942 forliS,
1645 1886 1843 1949 aecus·
1871 1872 1956 1926 vel
2002 1871 2082 1927 ad
2120 1870 2445 1925 aedilicium
2488 1886 2599 1923 mo-

297 1960 480 2026 dium,
522 1972 715 2028 purus
755 1962 950 2027 putus.
1037 1958 1090 2011 si
1129 1957 1211 2013 ad
1247 1955 1404 2011 hunc
1447 1942 1805 2027 χαρακτῆρα“
1823 1948 2178 2022 Κλεάνθους
2222 1951 2315 2024 (ita
2357 1952 2600 2021 Vossius,

300 2046 655 2113 cleopantus
700 2040 782 2096 vel
810 2042 1140 2111 deopanlus
1169 2037 1307 2109 libri)
1353 2043 1671 2109 conveniet,
1716 2055 1860 2095 cave
1904 2042 2166 2112 alligeris
2192 2038 2489 2094 hominem.
2519 2066 2602 2076 -

297 2134 552 2182 ceterum
607 2121 844 2181 Lucilius
901 2133 1081 2180 utrum
1139 2125 1390 2180 irrisione
1435 2123 1744 2179 Stoicorinn
1803 2139 1933 2178 usus
1991 2124 2063 2179 sit
2108 2140 2280 2178 necne
2326 2123 2382 2178 in
2429 2120 2601 2177 verbis

300 2213 423 2267 istis
473 2211 560 2265 vix
606 2209 734 2265 licet
777 2207 1008 2265 definiri.
1054 2238 1137 2250 —
1184 2213 1378 2265 exiam
1422 2226 1522 2282 pro
1569 2211 1738 2264 eliam
1782 2208 1985 2264 Monac.

483 2310 629 2368 102.
700 2313 940 2368 imitatus
983 2320 1069 2367 est
1114 2311 1367 2367 Horatius
1412 2312 1510 2369 s.1
1549 2305 1639 2386 [2,
1672 2311 1755 2368 30
1783 2305 1899 2386 sq.]
1948 2311 2181 2384 quidam
2228 2315 2397 2366 notus
2438 2309 2601 2365 homo

300 2416 435 2454 cum
470 2400 665 2454 exiret
701 2396 957 2469 fornice,
1003 2395 1214 2452 ‘macte
1255 2398 1462 2453 vir-lule
1503 2396 1648 2453 eslo’
1695 2399 1876 2468 inquil
1906 2399 2190 2451 sententia
2220 2394 2315 2451 dia
2349 2395 2597 2450 Calamis,

298 2481 366 2539 ab
428 2482 541 2549 hoc
601 2478 783 2537 ultima
844 2481 942 2537 tria
998 2474 1155 2537 verba
1212 2483 1440 2555 sumpsit
1497 2480 1730 2555 Sulpicia
1788 2498 1835 2533 v.
1899 2479 2016 2551 48,
2061 2480 2215 2536 cuius
2261 2480 2501 2553 spurium
2547 2486 2603 2533 et

298 2567 529 2624 saeculo
575 2560 663 2623 XV
718 2565 780 2621 ab
837 2565 969 2622 ltalo
1029 2567 1327 2640 nescioquo
1384 2568 1749 2639 conscriptum
1807 2581 2018 2621 carmen
2077 2581 2252 2637 nuper
2305 2564 2486 2638 inepte
2544 2571 2603 2618 ut

298 2652 451 2710 solet
520 2653 714 2706 statuit
778 2649 1001 2706 Boetius
1067 2649 1596 2709 AmstelodainensiS.
1665 2680 1748 2690 --
1813 2649 2056 2705 Valerius
2114 2649 2207 2705 ille
2262 2650 2383 2722 quis
2440 2648 2603 2704 fuerit

295 2739 578 2809 ignotum.
683 2736 898 2809 quidam
959 2735 1016 2790 L.
1081 2735 1345 2791 Valerium
1385 2734 1648 2791 -Flaccum
1710 2737 1802 2808 qui
1856 2733 2046 2789 consul
2107 2735 2211 2790 fult
2266 2750 2313 2789 a.
2375 2749 2428 2788 u.
2477 2733 2601 2789 623

297 2839 399 2878 seu
446 2821 832 2894 cognominem
889 2820 1040 2876 illum
1098 2822 1189 2893 qui
1246 2836 1441 2875 censor
1494 2836 1615 2875 cum
1673 2819 1875 2875 Catone
1920 2818 2045 2875 570
2100 2816 2180 2874 vel
2225 2816 2287 2884 Q.
2334 2817 2601 2873 Valerium

296 2907 575 2963 Soranum
621 2908 1027 2979 grammaticum
1082 2913 1139 2960 et
1193 2911 1406 2977 poetam
1453 2904 1659 2960 Lucilio
1705 2904 1982 2977 aequalem
2040 2911 2095 2959 et
2149 2910 2337 2958 notum
2385 2902 2442 2958 P.
2489 2902 2605 2957 Sci-

296 2993 451 3065 pioni
499 2988 794 3065 significari
847 2988 1238 3065 existimarunt.
1326 2988 1419 3044 secl
1470 2990 1599 3045 tales
1658 2989 1944 3063 plorasque
1989 2989 2327 3062 opinationes
2384 2987 2602 3044 silentio

298 3077 569 3151 tegimus.
882 3067 901 3086 '

482 3158 626 3218 105.
703 3158 833 3216 illud
880 3174 989 3233 que
1034 3160 1316 3215 traiectum
1364 3169 1421 3216 ut
1467 3159 1503 3216 l.
1554 3159 1639 3215 xn
1683 3162 1929 3233 firmiter
1972 3160 2080 3216 hoc
2119 3162 2462 3234 pariterque
2507 3166 2603 3215 luo

298 3250 373 3302 sit
416 3252 670 3318 pectore
710 3247 915 3318 fixum.

479 3329 623 3387 106.
695 3329 829 3385 illud
875 3331 988 3385 duc
1033 3346 1154 3385 cum
1200 3331 1375 3385 minus
1421 3328 1636 3402 obvium
1683 3335 1829 3385 esset
1860 3327 2109 3397 librariiS,
2158 3326 2342 3400 legere
2371 3326 2474 3383 sibi
2506 3328 2600 3400 visi

295 3423 435 3471 sunt
478 3416 619 3472 duc.
691 3423 930 3470 ceterum
971 3413 1204 3474 admissa
1248 3415 1555 3470 coniectura
1603 3423 1789 3470 nostra
1835 3415 1992 3469 etiam
2038 3411 2263 3468 similior
2308 3410 2370 3468 fit
2415 3428 2600 3467 versus

298 3498 576 3556 luvenalis
619 3497 913 3555 Luciliano.

477 3579 620 3642 107.
697 3599 911 3639 carcer
956 3588 1053 3641 vix
1097 3599 1343 3640 carcere
1386 3585 1619 3657 dignm,-
1676 3584 1712 3639 i.
1759 3601 1806 3640 e.
1851 3582 2006 3640 locus
2062 3581 2294 3638 carceris
2340 3598 2448 3638 non
2495 3590 2600 3637 tam

295 3669 500 3726 foedus
552 3685 708 3749 quam
755 3667 977 3743 (lignum
1024 3674 1138 3725 erat
1182 3669 1398 3725 homine
1443 3668 1725 3724 scelerato.

480 3753 626 3810 110.
704 3754 950 3808 miseram
996 3752 1184 3809 Donati
1230 3761 1659 3809 commentorum
1691 3751 2061 3808 condicionem
2097 3752 2176 3807 vel
2211 3768 2274 3807 ex
2306 3752 2409 3807 hoc
2442 3752 2598 3827 srgm.

294 3848 350 3895 et
400 3835 767 3912 praecedente
822 3837 949 3893 licet
1002 3839 1279 3911 cognosci.
1338 3868 1414 3877 --
1482 3837 1725 3894 Tiresia.
1810 3837 2082 3893 ‘Anchisa
2140 3835 2401 3911 producta
2459 3836 2601 3893 finali

295 3924 539 3980 Ennium
587 3922 642 3977 in
687 3921 966 3977 annalibus
1010 3915 1208 3978 dixisse
1252 3924 1442 3978 statuit
1485 3921 1895 3987 Fleckeisenus3
1952 3922 2082 3977 mihi
2130 3928 2306 3977 tamen
2354 3921 2603 3995 displicet

294 4006 627 4064 vocabulum
670 4005 806 4061 illud
853 4003 1144 4063 choriambi
1190 4023 1438 4062 mensura
1484 4004 1812 4075 adhibitum3
1858 4014 1913 4063 et
1957 4003 2232 4080 displicuit
2274 4023 2395 4062 cum
2430 4006 2602 4061 Donsa

293 4091 554 4149 Bentleio
601 4091 694 4164 qui
736 4089 992 4147 substitui
1037 4090 1209 4148 voluit
1260 4091 1530 4149 Tiresias
1576 4122 1663 4133 —
1707 4094 1955 4165 triclini,
2000 4091 2071 4148 cs.
2117 4089 2298 4147 Lclun.
2345 4092 2398 4146 in
2441 4089 2599 4146 Lucr.

293 4193 502 4234 comm.
553 4173 710 4244 327;
755 4176 808 4231 d.
856 4192 900 4231 r.
949 4193 1020 4233 m.
1067 4175 1211 4234 391.

481 4260 621 4316 111.
696 4259 921 4316 Crassus
967 4259 1058 4317 lib.
1104 4259 1213 4316 XVl
1245 4260 1468 4317 lliados:
1515 4279 1547 4317 ο
1576 4265 1723 4318 socii
1764 4260 1905 4333 (nam
1950 4261 2023 4316 ita
2068 4254 2345 4315 verissime
2373 4257 2598 4331 lunius),

290 4363 459 4404 nunc
505 4348 608 4418 fite
653 4348 764 4402 viri
774 4370 792 4411 ,·
835 4345 980 4402 Maro
1012 4362 1128 4402 aen.
1178 4346 1223 4401 l:
1277 4365 1310 4403 o
1353 4349 1526 4418 socii,
1570 4362 1757 4422 neque
1801 4348 1948 4403 enim
1991 4347 2186 4422 iqnari
2224 4360 2422 4402 sumus
2464 4352 2601 4404 ante

291 4431 606 4491 malorum.
1480 4428 1486 4434 ’
