3267 5075
780 392 1309 460 QUAEsTIONoM
1347 355 1904 451 LuclmA'NARUM
1940 397 2173 454 LIBER.
2460 406 2627 465 xxv

326 565 690 624 scholiastae
717 563 906 623 Persii
934 566 997 623 et
1021 562 1338 638 IuvenaIiS,
1368 564 1651 639 Isidorus,
1681 565 2081 642 glosographi,
2110 568 2424 641 praeterea
2450 567 2626 643 pleri-

326 690 447 748 que
473 670 853 749 grammatici
878 689 947 730 ac
974 670 1244 731 rhetores
1270 671 1546 732 minores.

1273 919 1534 982 CAPUT
1579 924 1688 983 ΙΙΙ.

503 1056 653 1123 Quid
689 1072 726 1111 a
761 1056 985 1112 saeculo
1020 1056 1150 1112 inde
1187 1056 1292 1111 XV
1327 1057 1668 1128 profecerint
1701 1059 2058 1129 grammatici
2095 1060 2457 1166 emendandis

1274 1146 1432 1202 libris
1466 1148 1687 1203 Lucilii.

508 1296 727 1356 Lucilii
763 1300 1104 1358 saturarum
1141 1299 1476 1359 emendatio
1516 1300 1942 1375 adnotatioque
1978 1289 2112 1359 011111
2149 1300 2409 1376 plurima
2446 1302 2623 1379 longe

325 1406 672 1482 fragmenta
706 1423 912 1463 earum
948 1407 1108 1483 apud
1136 1405 1397 1467 Nonium
1433 1409 1639 1465 extent
1673 1407 1913 1465 easdem
1949 1406 2075 1466 fere
2111 1426 2261 1483 quas
2288 1409 2419 1468 tota
2445 1409 2622 1468 Nonii

326 1513 564 1590 sylloge
590 1510 1028 1572 vicissitudines
1057 1512 1255 1573 subiit.

509 1617 602 1677 Ac
635 1618 898 1693 primum
932 1618 1074 1678 Itali
1106 1638 1216 1694 per
1255 1638 1405 1679 saec.
1448 1619 1559 1678 XV
1598 1621 1975 1697 grammatici
2015 1622 2173 1697 quod
2215 1625 2285 1681 ut
2319 1622 2520 1682 Plauti
2561 1626 2624 1682 et

326 1725 600 1785 Terentii
625 1725 714 1784 ita
740 1725 955 1785 Lucilii
989 1725 1160 1786 libris
1200 1745 1413 1802 parum
1451 1728 1728 1803 profuere
1764 1728 1899 1787 rudi
1937 1729 2250 1788 etiamtum
2278 1730 2407 1787 arte
2436 1730 2498 1786 et
2524 1748 2622 1803 pe-

324 1833 470 1892 ritia
495 1831 790 1892 sermonis
818 1833 1215 1909 antiquissimi
1234 1835 1636 1895 Romanorum
1663 1838 1771 1894 aut
1795 1836 1964 1896 nulla
1990 1838 2097 1895 aut
2123 1834 2273 1893 nulli
2301 1834 2619 1908 simillima,

325 1940 428 2001 vix
453 1938 574 1998 erit
600 1939 705 2014 qui
730 1939 997 1999 miretur.
1052 1940 1257 2017 itaque
1284 1941 1464 2002 Nonii
1492 1942 1781 2002 editiones
1814 1940 1997 2001 Aldo
2036 1944 2098 2001 et
2125 1941 2430 2001 Bentino
2467 1942 2622 2017 prio-

326 2065 423 2106 res
443 2066 582 2105 011111
610 2047 772 2107 0111111
794 2047 982 2106 ferme
1009 2047 1125 2108 fide
1155 2052 1217 2107 et
1242 2048 1596 2109 auctoritate
1624 2052 1880 2123 careant,
1910 2067 2102 2125 pauca
2128 2067 2279 2125 quae
2309 2067 2381 2108 ex
2408 2049 2493 2108 eis
2521 2067 2622 2109 110-

326 2159 521 2214 tarem
548 2154 735 2231 digna
758 2153 974 2214 inveni.
1009 2185 1084 2196 —-
1117 2156 1295 2231 primi
1323 2155 1481 2214 enim
1507 2155 1613 2229 illi,
1643 2175 1898 2232 quorum
1916 2156 2091 2216 modo
2114 2156 2365 2230 apposui
2382 2156 2622 2215 nomina

327 2261 456 2335 viri,
506 2280 716 2321 sanam
760 2260 941 2322 Nonii
984 2261 1138 2323 libro
1180 2263 1504 2322 adhibuere
1550 2263 1831 2336 criticam,
1879 2282 2028 2339 quos
2069 2264 2273 2322 tamen
2315 2263 2622 2338 superavit

326 2369 505 2446 longe
524 2368 795 2427 IuniuS.
832 2368 990 2444 quod
1010 2371 1218 2429 contra
1234 2369 1591 2430 Robertus
1612 2373 1677 2428 et
1693 2370 2045 2429 Henricus
2067 2369 2414 2445 Stephani
2443 2369 2619 2428 editis

330 2479 567 2550 aante,
597 2476 709 2536 hoc
736 2478 831 2536 est
863 2476 1032 2534 1564
1061 2475 1416 2554 fragmentis
1452 2480 1767 2559 poetarum
1793 2480 2067 2539 veterum
2093 2476 2445 2592 Latinorum
2473 2476 2621 2537 nihil

326 2584 486 2661 quod
512 2583 801 2644 memoria
827 2585 989 2643 esset
1013 2583 1263 2661 dignum
1290 2586 1646 2661 praestitere
1678 2584 1927 2645 Lucilio.

506 2689 624 2749 Sed
650 2708 762 2766 per
785 2691 945 2749 idem
971 2693 1210 2767 tempus
1228 2691 1432 2768 Lipsio
1460 2692 1840 2770 potissimum
1867 2694 1931 2750 et
1948 2689 2248 2767 Scaligero
2276 2691 2619 2751 auctoribus

325 2798 538 2874 ingens
566 2797 793 2857 exarsit
816 2798 1361 2859 vetustissimorum
1385 2830 1459 2842 -·—
1484 2800 1699 2860 horum
1726 2799 1964 2860 nomine
1994 2798 2351 2874 comprendo
2380 2795 2618 2858 Catullo

325 2904 553 2979 priores
579 2936 653 2945 —-
682 2905 1039 2982 scriptorum
1057 2906 1406 2967 Latinorum
1435 2907 1719 2979 studium,
1748 2907 1906 2983 quod
1932 2907 2299 2982 quantopere
2325 2904 2620 2979 profuerit
2707 2928 2716 2935 ·

324 3011 494 3070 libris
520 3012 754 3084 horum,
791 3011 894 3087 qui
920 3012 1207 3072 hactenus
1242 3013 1549 3072 iacuerant
1582 3012 1793 3071 inculti
1808 3002 1883 3071 'et
1909 3013 2080 3086 vasti,
2110 3011 2494 3070 emendandis
2523 3029 2619 3069 ex-

326 3117 735 3196 plicandisque
764 3119 863 3178 vix
888 3120 1111 3195 poterit
1138 3121 1284 3181 satis
1317 3120 1496 3198 digne
1524 3120 1796 3180 describi.
1851 3120 2039 3196 igitur
2065 3121 2304 3194 praeter
2329 3119 2439 3177 hos
2467 3137 2616 3194 quos

325 3226 652 3286 memoravi
688 3226 848 3287 viros
884 3229 1015 3285 tum
1050 3229 1258 3287 exorta
1294 3230 1437 3287 sunt
1471 3229 1741 3287 sacratae
1776 3226 1971 3286 famae
1998 3226 2239 3285 nomina
2274 3224 2614 3298 Turnebi,

325 3332 648 3406 Canteri,
688 3332 1027 3406 Acidalii,
1067 3333 1432 3406 Palmerii,
1473 3331 1869 3409 Gulielmii,
1910 3331 2304 3405 Carrionis,
2343 3331 2612 3405 aliorum,

322 3440 425 3516 qui
467 3458 607 3498 cum
655 3438 929 3499 omnibus
969 3441 1150 3500 rebus
1193 3439 1586 3500 deficerentur
1626 3445 1867 3516 praeter
1905 3440 2131 3517 ingenii
2172 3438 2512 3497 ubertatem
2553 3440 2617 3497 et

322 3566 499 3606 usum
526 3551 839 3608 auctorum
875 3548 1134 3624 plurima
1168 3548 1421 3607 lectione
1448 3550 1691 3624 partum
1716 3532 2343 3623 tantum·praestitere
2372 3544 2617 3620 scripto-

321 3655 489 3715 ribus
526 3654 953 3716 vetustissimis
990 3654 1238 3728 Latinis,
1276 3655 1405 3714 sola
1440 3657 1510 3713 ut
1543 3654 1827 3730 iniquitas
1863 3654 2149 3730 temporis
2186 3650 2491 3713 obstitisse
2527 3650 2613 3710 eis

322 3762 615 3837 videatur,
642 3782 719 3822 ne
747 3782 982 3823 omnem
1008 3763 1250 3822 laudem
1275 3761 1445 3822 nobis
1472 3762 1898 3838 praeriperent.

502 3870 649 3931 Post
687 3871 797 3929 has
838 3873 932 3930 tot
970 3889 1040 3930 ac
1079 3873 1387 3930 tantorum
1421 3869 1762 3929 criticorum
1798 3887 1971 3928 curas
2007 3869 2111 3945 qui
2145 3869 2353 3944 plenas
2389 3866 2517 3925 fere
2545 3869 2615 3926 ut

320 3997 430 4056 pro
466 3977 589 4037 illis
626 3977 994 4052 temporibus
1023 3976 1238 4037 Lucilii
1274 3979 1615 4037 saturarum
1650 3976 1934 4051 reliquias
1971 3976 2296 4052 colligeret,
2333 3975 2611 4034 collectas

321 4084 763 4146 commentariis
793 4086 855 4144 et
866 4084 1098 4163 *criticis
1128 4087 1190 4144 et
1217 4084 1533 4161 exegeticis
1556 4083 1909 4143 inlustraret
1928 4083 2161 4143 exstitit
2187 4083 2609 4143 Franciscus

320 4193 477 4252 Iani
514 4191 721 4251 filius
749 4191 989 4252 Dousa
1024 4184 1191 4272 (nam
1218 4210 1328 4267 per
1353 4208 1459 4251 aas
1484 4191 1684 4266 ipsum
1712 4191 1890 4250 scribi
1919 4209 1982 4250 se
2010 4191 2166 4250 velle
2193 4209 2410 4251 nomen
2432 4209 2610 4250 suum

321 4299 651 4360 declaravit
685 4298 763 4359 ad
788 4298 995 4359 incert.
1020 4299 1155 4359 libr.
1180 4299 1397 4376 fragm.
1431 4290 1603 4378 187).
1665 4316 2030 4375 quamquam
2068 4298 2261 4376 magis
2303 4302 2611 4359 enarrator

322 4406 517 4484 operis
533 4405 714 4467 alieni
726 4424 905 4485 quam
919 4406 1145 4487 proprii
1157 4407 1364 4467 auctor
1379 4404 1593 4468 extitit.
1616 4424 1757 4467 nam
1772 4405 2242 4467 coniecturarum
2255 4423 2405 4484 quas
2423 4424 2608 4467 novas
