3267 5075
1057 402 1508 468 TESTIMONIA
1546 404 1642 466 DE
1681 405 1987 467 Lucmo.
2540 402 2665 474 175

557 572 770 642 differt
817 574 1124 660 sermoni,
1173 595 1381 640 sermo
1429 596 1660 640 merus.
1755 577 1847 639 ‘at
1891 578 2072 658 pater
2118 571 2347 639 ardens

558 693 787 776 saevit,
834 691 1003 776 quod
1049 692 1378 758 meretrice
1422 712 1623 774 nepos
1669 691 1935 754 insanus
1983 691 2190 755 amica

418 810 512 874 50
559 810 730 872 filius
777 829 1041 871 uxorem
1088 806 1317 892 grandi
1364 828 1508 870 cum
1556 806 1703 869 dote
1748 809 2022 890 recuset,

559 925 773 988 ebrius
821 925 909 1006 et,
955 943 1264 1006 magnum
1310 921 1481 1004 quod
1528 921 1824 1004 dedecus,
1871 921 2155 984 ambulet
2200 925 2348 984 ante

558 1043 817 1104 noctem
863 1059 1009 1101 cum
1052 1037 1342 1100 facibus?
1434 1036 1745 1120 numquid
1789 1035 2182 1120 Pomponius
2228 1036 2369 1099 istis

561 1155 812 1218 audiret
855 1153 1118 1235 leviora,
1164 1154 1347 1235 pater
1393 1151 1447 1213 si
1491 1150 1774 1215 viveret?
1867 1171 2022 1235 ergo

560 1292 696 1333 non
743 1269 898 1332 satis
947 1271 1044 1331 est
1087 1268 1264 1351 puris
1310 1288 1565 1330 versum
1610 1265 2002 1349 perscribere
2046 1266 2284 1351 verbis,

422 1384 515 1449 55
564 1406 754 1468 quem
802 1383 858 1446 si
903 1382 1241 1465 dissolvas,
1288 1381 1495 1464 quivis
1543 1381 1977 1445 stomachetur
2022 1382 2243 1446 eodem

563 1521 692 1583 quo
737 1501 1118 1582 personatus
1164 1500 1353 1580 pacto
1397 1499 1598 1580 pater.
1688 1496 1816 1581 his,
1863 1518 1982 1581 ego
2029 1520 2191 1581 quae
2236 1519 2435 1580 nunc,

565 1614 721 1678 olim
767 1636 928 1698 quae
976 1613 1230 1696 scripsit
1273 1611 1580 1694 Lucilius,
1626 1612 1860 1695 eripias
1908 1613 1962 1675 si

562 1732 858 1812 tempora
902 1732 1076 1792 certa
1119 1728 1486 1811 modosque,
1532 1730 1597 1790 et
1643 1728 1810 1811 quod
1855 1728 2032 1811 prius
2079 1728 2299 1792 ordine
2344 1729 2673 1793 verbumst

566 1845 884 1928 posterius
930 1844 1155 1928 facias,
1201 1864 1600 1927 praeponens
1647 1843 1876 1906 ultima
1918 1844 2167 1927 primis:

426 1961 521 2024 60
569 1982 728 2042 non,
773 1961 848 2022 ut
894 1960 948 2023 si
995 1960 1207 2023 solvas
1249 1962 1618 2042 A‘postquam
1666 1958 1984 2021 discordia
2027 1962 2233 2022 taetra

571 2075 722 2139 belli
768 2074 1040 2139 ferratos
1086 2078 1304 2158 postes
1351 2077 1695 2156 portasque
1741 2072 2048 2157 refregit’,

570 2190 858 2254 invenias
904 2190 1099 2252 etiam
1145 2190 1393 2253 disiecti
1438 2190 1727 2253 membra
1771 2192 2014 2271 poetae.

568 2306 880 2370 hactenus
917 2305 1108 2397 ‚haecz
1166 2305 1325 2368 alias
1369 2305 1611 2368 iustum
1659 2305 1745 2367 sit
1786 2325 1989 2368 necne
2032 2326 2287 2390 poema3

571 2442 742 2484 nunc
784 2419 945 2483 illud
988 2422 1242 2483 tantum
1290 2442 1617 2504 quaeram,
1664 2420 1976 2483 meritone
2020 2420 2141 2483 tibi
2188 2421 2273 2483 sit

431 2538 524 2603 65
573 2540 938 2620 suspectum
985 2556 1187 2620 genus
1232 2537 1356 2600 hoc
1402 2536 1738 2600 scribendi.
1812 2533 2062 2599 Sulcius
2110 2558 2255 2600 acer

559 2652 860 2715 ambulat
906 2655 971 2714 et
1016 2649 1310 2735 Caprius,
1357 2652 1534 2715 rauci
1579 2652 1748 2714 male
1795 2673 2065 2735 cumque
2110 2652 2371 2735 libellis,

574 2788 847 2851 magnus
894 2769 1157 2851 uterque
1202 2766 1398 2831 timor
1442 2767 1827 2850 latronibus3
1875 2770 1944 2830 at
1989 2767 2150 2830 bene
2198 2760 2425 2851 siquis·

497 2921 504 2924 -
576 2886 641 2945 et
682 2883 856 2946 vivat
899 2882 1077 2966 puris
1122 2883 1419 2946 manibus
1428 2934 1446 2967 ,
1493 2886 1865 2946 contemnat
1908 2885 2264 2965 utrumque.

574 3001 647 3061 ut
692 2999 778 3061 sis
823 3001 896 3061 tu
942 2998 1198 3062 similis·
1215 2996 1391 3062 Caeli
1434 2998 1727 3082 Birrique
1770 2999 2122 3081 latronum,

440 3115 529 3179 70
575 3137 706 3177 11011
753 3134 873 3197 ego
923 3114 1045 3177 sim
1090 3111 1281 3197 Capri
1327 3136 1533 3197 neque
1581 3112 1778 3177 Sulci:
1827 3136 1938 3176 cur
1982 3117 2230 3177 metuas
2278 3115 2445 3178 me?

575 3229 754 3292 nulla
796 3229 1067 3292 taberna
1111 3250 1288 3292 meos
1333 3229 1571 3292 habeat
1615 3250 1821 3312 neque
1868 3229 2000 3311 pila
2043 3229 2317 3313 libellos,

461 3381 478 3388 ·
577 3345 717 3428 quis
763 3366 993 3407 manus
1039 3343 1295 3407 insudet
1343 3345 1517 3428 vulgi
1561 3343 2114 3427 Hermogenisque
2161 3343 2416 3428 Tigelli3

577 3481 694 3523 nec
740 3460 938 3525 recito
986 3459 1282 3542 cuiquam
1328 3460 1454 3523 nisi
1502 3461 1722 3524 amicis
1772 3460 1960 3542 idque
2007 3462 2291 3540 coactus,

576 3596 708 3638 non
754 3575 964 3638 ubivis
1012 3597 1304 3639 coramve
1352 3575 1759 3658 quibuslibet.
1850 3575 1918 3636 in
1965 3574 2172 3637 medio
2220 3576 2330 3657 qui

444 3690 554 3754 75·
580 3691 817 3773 scripta
861 3689 1003 3753 foro
1048 3691 1343 3773 recitent,
1391 3694 1543 3754 sunt
1586 3691 1800 3773 multi,
1848 3690 2080 3773 quique
2128 3690 2443 3755 lavantes:

580 3827 772 3868 suave
817 3806 996 3869 locus
1041 3806 1184 3870 voci
1229 3809 1490 3869 resonat
1535 3807 1890 3869 conclusus,
1976 3806 2205 3879 inanes

577 3920 701 3984 hoc
747 3921 946 4003 iuvat,
992 3920 1165 3983 haud
1211 3921 1367 3984 illud
1415 3925 1819 4005 quaerentes,
1865 3943 2020 3984 num
2067 3922 2204 3985 sine
2253 3942 2472 4005 sensu,

579 4039 864 4118 tempore
909 4058 1066 4098 num
1112 4035 1354 4121 faciant
1400 4037 1626 4100 alieno.
1720 4037 1993 4100 ‘laedere
2039 4037 2325 4121 gaudes’,

580 4151 790 4234 inquit
835 4155 924 4214 ‘et
965 4151 1089 4216 hoc
1136 4151 1347 4215 studio
1393 4174 1626 4234 pravus
1674 4152 1875 4215 facis.’
1970 4152 2136 4215 unde
2181 4152 2453 4234 petitum

446 4267 536 4331 80
583 4264 705 4329 hoc
750 4267 818 4329 in
863 4288 964 4330 me
1010 4266 1213 4329 iacis?
1307 4269 1405 4329 est
1452 4270 1675 4330 auctor
1721 4268 1862 4350 quis
1911 4267 2181 4350 denique
2228 4288 2476 4350 eorum,

584 4381 713 4446 vixi
759 4403 903 4444 cum
950 4381 1225 4466 quibus?
1319 4381 1653 4445 absentem
1699 4384 1808 4466 qui
1852 4383 2023 4447 rodit
2069 4383 2368 4471 amicum,
2414 4370 2425 4379 ⁸
