3267 5075
1324 1213 1589 1277 CAPUT
1633 1216 1682 1277 L
1783 1195 1796 1208 '

834 1366 921 1425 De
956 1368 1152 1424 ordine
1188 1369 1372 1439 deque
1407 1369 1602 1424 metris
1637 1367 1911 1423 librorum
1946 1367 2166 1425 Lucilii.

530 1552 742 1615 Fuisse
783 1556 1096 1633 triginta
1134 1556 1441 1617 volumina
1475 1555 1707 1628 Lucilii,
1745 1574 1865 1615 non
1891 1554 2088 1631 plura,
2120 1556 2648 1632 grammaticorum

347 1663 626 1721 veterum
661 1662 943 1723 unanimo
971 1681 1262 1723 consensu
1290 1663 1705 1738 conprobatur.
1770 1663 1869 1722 vix
1898 1663 2057 1721 enim
2082 1663 2372 1723 memoria
2398 1664 2647 1742 dignum

347 1767 495 1827 olim
545 1768 704 1844 apud
747 1768 1084 1828 charisium
1133 1789 1233 1846 pg.
1282 1772 1361 1828 72
1406 1769 1932 1846 quadragesimum
1982 1751 2230 1828 tertium
2278 1769 2342 1827 in
2381 1770 2645 1846 mugnus

343 1874 520 1933 libris
547 1875 693 1935 ferri
721 1876 981 1937 solitum.
1012 1879 1220 1936 extant
1246 1879 1448 1935 autem
1474 1876 1763 1952 reliquiae
1791 1876 2056 1935 omnium
2082 1875 2452 1934 voluminum
2479 1894 2647 1951 prae-

343 1984 446 2039 ter
479 1979 636 2055 XXI,
673 1982 893 2057 XXIH,
929 1982 1142 2057 XXIV,
1181 1982 1362 2042 XXV.
1417 2002 1557 2042 nam
1585 2002 1660 2043 ex
1683 1982 1889 2041 XXIII
1916 1986 1978 2042 et
2003 1979 2171 2052 XXV
2198 2000 2350 2058 quae
2376 1982 2646 2042 fereban-

342 2092 452 2148 tur
478 2107 572 2165 ap.
599 2089 970 2149 Priscianum
998 2088 1452 2166 Charisiumque
1479 2089 1858 2150 removimus,

527 2196 619 2253 Ex
658 2196 748 2256 his
784 2196 1188 2257 voluminibus
1224 2197 1391 2275 prius
1429 2197 1778 2274 perscripsit
1812 2195 2115 2273 ediditque
2152 2214 2223 2255 ea
2257 2214 2410 2272 quae
2440 2198 2581 2255 sunt
2607 2215 2645 2256 a

341 2300 548 2361 XXVI
573 2303 653 2362 ad
667 2302 881 2377 XXIX,
910 2306 1041 2363 tum
1067 2303 1248 2363 XXX.
1275 2324 1416 2364 nam
1442 2304 1731 2380 principio
1758 2304 1798 2362 1.
1826 2302 2026 2361 XXVI
2052 2305 2259 2379 aperte
2287 2305 2358 2361 ut
2382 2303 2642 2362 rationes

234 2411 243 2420 ‘
340 2410 624 2485 propriae
641 2410 804 2470 vitae
832 2410 917 2470 sic
942 2409 1117 2470 initia
1133 2413 1265 2470 tum
1287 2412 1545 2487 primum
1570 2411 1866 2486 poeticam
1893 2409 2256 2486 capessentis
2286 2412 2349 2468 et
2376 2412 2643 2469 saturam

342 2516 464 2577 sibi
508 2516 864 2578 vindicantis
920 2518 1337 2595 carpentisque
1392 2516 1622 2577 altioris
1679 2517 1925 2593 spiritus
1987 2518 2197 2593 poetas
2245 2516 2639 2578 declarantur.

338 2623 560 2700 quodsi
584 2627 748 2684 recte
774 2644 1016 2686 versum
1040 2625 1228 2685 istum

662 2766 936 2827 Persium
961 2786 1083 2827 non
1109 2785 1251 2827 curo
1278 2767 1496 2844 legere,
1527 2766 1803 2826 Laelium
1830 2765 2162 2825 Decumum
2188 2767 2325 2827 volo

335 2909 775 2971 vindicavimus
816 2910 971 2970 libro
1012 2909 1223 2983 XXIX,
1266 2909 1577 2969 trochaeos
1618 2909 1683 2967 in
1722 2908 1840 2967 fine
1876 2908 2053 2967 huius
2089 2908 2277 2968 fuisse
2312 2909 2541 2985 positos
2579 2913 2642 2969 et

337 3015 553 3074 eadem
590 3015 717 3075 fere
752 3035 873 3093 qua
905 3017 1194 3093 inceperit
1240 3017 1538 3076 sententia
1574 3016 1934 3076 conclusisse
1971 3014 2269 3074 Lucilium
2312 3014 2498 3075 libros
2534 3012 2638 3088 IV,

334 3141 492 3200 quos
521 3122 782 3197 primum
810 3124 1012 3198 edidit,
1042 3124 1203 3182 haud
1231 3123 1488 3183 absurde
1517 3125 1835 3182 statuetur.
1888 3122 2110 3181 librum
2141 3121 2308 3180 XXX
2335 3122 2639 3198 aliquanto

334 3230 482 3305 post
509 3229 739 3288 editum
763 3231 894 3306 ipso
929 3230 1100 3290 initio
1137 3231 1489 3303 declaratur,
1518 3249 1626 3289 nec
1662 3230 1858 3289 minus
1889 3249 1959 3289 ea
1983 3247 2051 3288 re
2078 3228 2238 3305 quod
2273 3227 2490 3303 spretis
2518 3227 2638 3287 iam

334 3336 659 3396 trochaicis
686 3336 1072 3414 iambicisque
1099 3338 1307 3397 metris
1337 3337 1465 3397 sola
1492 3337 1767 3397 adhibuit
1793 3336 2104 3412 dactylica.

523 3441 737 3503 Libros
779 3446 982 3503 autem
1022 3443 1190 3503 XXV
1229 3445 1457 3520 priores
1499 3445 1703 3505 ordine
1745 3445 2014 3518 tempore
2050 3441 2408 3517 posteriores
2449 3441 2636 3502 fuisse

334 3548 590 3627 reliquis
618 3548 675 3607 V
702 3571 821 3612 uno
848 3555 1009 3612 certe
1037 3552 1306 3628 exemplo
1329 3555 1498 3611 extra
1524 3549 1991 3612 controversiam
2010 3548 2206 3624 posito
2233 3547 2457 3623 poterit
2482 3566 2637 3607 com-

334 3655 601 3730 probari.
656 3659 888 3734 etenim,
906 3677 1042 3718 cum
1069 3659 1143 3717 de
1170 3658 1445 3720 versibus
1471 3659 1511 3718 1.
1538 3658 1738 3717 XXIX
1763 3657 1926 3716 hisce

661 3799 919 3877 Apolost
942 3819 1179 3875 numen,
1207 3800 1310 3876 qui
1337 3802 1399 3859 te
1427 3800 1689 3876 antiquis
1716 3819 1835 3859 non
1863 3796 2020 3858 sinet

662 3906 888 3968 deliciis
914 3908 1211 3971 maculam
1239 3909 1420 3984 atque
1446 3906 1837 3985 ignominiam
1861 3905 2146 3981 inponere

332 4066 534 4128 nugas
569 4068 768 4111 meras
811 4051 1173 4128 protulerint
1207 4049 1382 4123 docti,
1427 4049 1550 4109 iam
1582 4049 1684 4109 vix
1727 4047 2045 4127 quisquam
2079 4044 2329 4122 negabit
2369 4044 2632 4105 monitus

333 4158 613 4232 spectare
638 4157 716 4218 ad
740 4158 890 4219 istos
917 4175 1069 4234 quae
1097 4160 1240 4216 sunt
1264 4157 1328 4215 in
1353 4155 1392 4215 1.
1421 4154 1540 4214 VH
1572 4214 1598 4228 ‚-

514 4298 738 4360 huncin
762 4318 877 4379 ego
904 4319 1189 4377 umquam
1215 4298 1556 4377 Hyacintho
1583 4298 1887 4358 hominem
1912 4295 2390 4372 cortinipotentis

515 4405 744 4469 deliciis
768 4404 1088 4470 contendi?
