3267 5075
582 348 662 411 78
1154 346 1369 399 LIBER
1404 345 1602 399 XXIII.
1646 345 1865 398 XXIIII.
1906 344 2076 400 XXV.
2115 345 2315 400 XXVI.

1409 490 1735 563 LIBER
1788 492 2046 564 XXIII.

1628 621 1661 684 I

754 741 831 805 cf.
878 759 1039 824 quae
1084 739 1310 801 notata
1355 739 1506 800 sunt
1551 617 1633 799 ad
1662 617 1854 820 ]Χ[ΙΪ2[1,
1902 737 1961 801 8.

1595 847 1705 937 [11]
1760 847 1848 937 [3]

755 969 1025 1058 [Merula
1068 969 1137 1033 in
1184 967 1278 1032 ed.
1330 967 1541 1031 annal.
1586 964 1757 1029 Enn.
1803 986 1908 1050 pg.
1947 967 2076 1031 602
2122 971 2453 1052 tamquam
2500 989 2535 1031 e
2582 970 2870 1054 glosario

573 1087 839 1153 Forneri
886 1085 1102 1151 attulit
1145 1083 1329 1147 haec:
1383 1086 1651 1166 tongere
1706 1081 1912 1154 εἴδειν
1966 1080 2147 1166 (sicl)
2200 1081 2454 1147 Ennius
2511 1084 2580 1148 in
2624 1083 2871 1170 XVIII,

573 1203 854 1267 Lucilius
900 1203 969 1266 in
1013 1196 1276 1285 XXIII}

1379 1386 1704 1459 LIBER
1756 1336 2052 1459 11111111.

1416 1510 1740 1583 LIBER
1802 1510 2019 1583 xxv.

1405 1634 1729 1708 LIBER
1782 1634 2034 1707 xxvi.

1403 1773 1437 1838 I
1487 1771 1588 1860 [cf.
1633 1775 1756 1839 inc.
1807 1770 1957 1859 101]
1990 1771 2072 1838 a*

748 1940 1091 1963 „„„„„„
1134 1910 1252 1954 nec
1298 1887 1703 1954 doctissimis,
1793 1910 1947 1953 nam
1994 1887 2227 1952 Gaium

749 2004 1037 2069 Persium
1084 2005 1278 2069 haece
1322 2005 1533 2089 legere
1578 2005 1758 2089 nolo,
1803 2003 2058 2067 Iunium
2106 2002 2400 2089 Congum
2447 2009 2612 2073 vo10.

1359 2118 1425 2183 H
1473 2116 1575 2206 [ef.
1620 2120 1743 2184 1110.
1794 2115 1943 2205 101]
1975 2117 2062 2184 b*

749 2235 877 2302 Cic.
924 2236 1002 2300 de
1057 2236 1165 2299 fin.
1211 2233 1262 2320 I,
1307 2235 1376 2299 3:
1432 2255 1548 2299 nec
1605 2256 1756 2299 vero
1812 2238 1885 2297 ut
1939 2238 2159 2298 noster
2213 2234 2496 2301 Lucilius
2552 2240 2867 2306 recusabo

571 2374 697 2437 quo
753 2353 965 2415 minus
1024 2373 1246 2416 omnes
1307 2372 1451 2415 mea
1514 2352 1754 2435 legant.
1861 2351 2110 2413 utinam
2176 2355 2344 2415 esset
2407 2352 2513 2415 ille
2577 2352 2866 2419 Persius!

573 2466 785 2552 Scipio
831 2489 982 2531 vero
1029 2470 1094 2530 et
1138 2465 1417 2530 Rutilius
1464 2455 1669 2530 multo
1717 2466 1911 2529 etiam
1949 2466 2183 2552 magis3
2232 2489 2504 2551 quorum
2550 2468 2657 2532 ille
2703 2469 2866 2537 iudi-

571 2584 740 2649 cium
785 2582 1207 2647 reformidans
1254 2581 1620 2646 Tarentinis
1678 2583 1769 2646 ait
1823 2603 1890 2645 se
1946 2584 2012 2645 et
2057 2580 2466 2648 Consentinis
2522 2588 2587 2647 et
2633 2582 2865 2650 Siculis
2931 2654 2934 2657 ,

572 2699 864 2762 scribere.
928 2697 1132 2762 facete
1159 2698 1215 2762 is
1246 2697 1520 2782 quidem,
1558 2698 1725 2762 sicut
1752 2697 1895 2761 alia.
1960 2698 2070 2761 sed
2107 2719 2313 2783 neque
2348 2702 2483 2762 tam
2522 2699 2694 2764 docti
2722 2703 2863 2764 tum

571 2817 780 2897 erant,
838 2812 919 2876 ad
964 2835 1236 2897 quorum
1281 2812 1585 2878 iudicium
1633 2812 2015 2896 elaboraret,
2080 2817 2145 2876 et
2200 2818 2353 2877 sunt
2403 2815 2575 2878 illius
2623 2816 2864 2898 scripta

570 2929 836 3012 leviora,
882 2931 955 2991 ut
999 2928 1330 2993 urbanitas
1379 2950 1629 2992 summa
1676 2930 2006 3012 appareat,
2052 2927 2344 2992 doctrina
2388 2903 2744 2995 mediocris.

1536 3042 1633 3107 III
1687 3040 1885 3129 [14]c

746 3181 919 3224 nunc
963 3157 1186 3223 itidem
1230 3158 1537 3242 populum
1594 3181 1986 3243 aucupamur
2029 3159 2171 3223 istis
2227 3181 2371 3224 cum
2419 3161 2854 3283 scriptoribus.

747 3276 1064 3340 voluimus
1111 3296 1336 3359 capere
1382 3275 1668 3338 animum
1713 3274 1970 3338 illorum
2038 3323 2448 3345 .......

703 3436 732 3487 1
788 3402 1000 3487 Plinius
1038 3434 1200 3500 praef.
1241 3438 1271 3486 7
1308 3438 1582 3500 praeterea
1617 3437 1704 3485 est
1750 3432 2010 3498 quaedam
2052 3433 2274 3499 publica
2319 3435 2484 3485 0118111
2528 3435 2859 3486 eruditorum

569 3504 805 3554 reiectio.
873 3505 1048 3554 utitur
1082 3503 1180 3553 illa
1216 3509 1271 3553 01
1306 3502 1380 3554 Μ.
1417 3501 1631 3552 Tullius
1667 3505 1823 3552 extra
1858 3516 2068 3552 omnem
2103 3502 2311 3565 ingenii
2346 3501 2515 3552 aleam
2597 3504 2771 3554 esitus
2805 3509 2858 3554 01

567 3570 731 3651 (quod
768 3571 1036 3634 miremur)
1073 3585 1164 3636 per
1199 3571 1522 3621 advocatum
1567 3568 1877 3620 defenditur
1912 3601 1976 3610 -
2016 3568 2208 3634 quodsi
2243 3569 2348 3619 hoc
2383 3519 2728 3636 Lucilius,
2766 3573 2858 3637 qui

570 3640 772 3703 primus
809 3639 1048 3689 condidit
1083 3639 1197 3689 stili
1231 3654 1451 3699 nasum,
1496 3637 1782 3686 dicendum
1826 3637 1932 3687 sibi
1968 3638 2211 3702 putavit,
2259 3636 2452 3688 Cicero
2489 3608 2859 3702 mutuandum,

567 3706 883 3771 praesertim
919 3721 1041 3756 cum
1075 3705 1139 3755 de
1173 3721 1231 3757 re
1267 3706 1487 3771 publica
1522 3704 1809 3768 scriberet,
1856 3710 2059 3770 quanto
2097 3721 2197 3755 nos
2237 3705 2517 3756 causatius
2561 3707 2630 3756 ab
2673 3706 2859 3771 aliquo

568 3772 747 3825 iudice
780 3772 1143 3823 defendimur?
1278 3775 1361 3825 111
1418 3774 1559 3823 Non.
1599 3774 1716 3835 253,
1754 3743 1817 3823 ιό
1852 3787 2082 3838 capere
2119 3772 2404 3824 delectare.
2478 3724 2786 3838 Vergiliusq
2791 3801 2857 3811 —

743 3916 775 3970 1
825 3931 944 3971 nam
991 3914 1175 3970 Gaium
1220 3916 1304 3983 M,
1350 3915 1576 3972 Manium
1609 3935 1659 3973 v.
1708 3945 1784 3955 —
1831 3914 2041 3972 Iunium
2070 3916 2266 3975 Ambr.
2305 3919 2476 3988 prim.
2610 3915 2647 3973 2
2692 3918 2859 3974 haece

569 4001 664 4074 M,
721 4001 854 4057 haec
905 4003 1169 4071 plerique
1222 3997 1373 4062 libri,
1431 4000 1535 4057 hoc
1589 4000 1778 4072 Mon.,
1835 4018 1941 4057 om.
1992 4000 2249 4057 Ambros.
2302 4003 2473 4072 prim.
2521 4033 2602 4042 —
2647 4001 2860 4059 Iunium

568 4086 833 4161 Congium
881 4091 984 4142 aut
1027 4083 1262 4140 Laelium
1306 4083 1582 4157 Congrum
1627 4087 1752 4143 cdd.
1800 4083 2106 4142 Hermolai
2141 4084 2405 4142 Barbari
2414 4109 2432 4150 ;
2475 4085 2715 4142 Laelium
2763 4086 2861 4142 De·

569 4172 762 4227 cimum
809 4187 888 4227 eoe
933 4168 1209 4227 Cicerone
1251 4169 1511 4226 Ambros.
1546 4173 1723 4242 prim.
1769 4200 1852 4210 —
1895 4169 2021 4225 volo
2067 4187 2172 4226 om.
2221 4170 2376 4228 Mon.
2554 4170 2591 4228 3
2644 4171 2858 4227 istidem

571 4256 735 4326 Gen„
780 4257 930 4313 liber
979 4256 1386 4311 Tomesianus.
1433 4285 1508 4294 —-
1557 4255 1816 4328 populum
1848 4271 2177 4327 aucupamur
2220 4256 2337 4311 istis
2367 4271 2491 4312 cum
2522 4256 2605 4326 M,
2651 4255 2859 4329 populo

568 4340 730 4395 istum
779 4342 906 4396 cdd.
952 4345 1199 4410 excepto
1243 4341 1397 4412 quod
1444 4340 1614 4396 Torn.
1664 4357 1770 4395 om.
1817 4338 2040 4412 populo.
2214 4338 2254 4394 4
2297 4339 2546 4396 volumus
2595 4340 2740 4396 Gen.
