3267 5075
1243 394 1464 455 LIBER
1498 395 1674 451 VIIII.
2469 394 2598 459 227

306 561 506 619 subicit
551 561 711 619 verba
755 562 989 619 Nonius:
1031 578 1237 636 poema
1284 570 1370 619 est
1410 566 1565 620 lexis
1593 564 1943 635 eurythmos,
1986 565 2048 620 id
2086 570 2172 619 est
2207 565 2380 620 verba
2423 567 2601 636 plura

304 650 525 705 modice
567 651 627 703 in
674 649 964 733 quandam
1020 652 1281 705 coniecta
1334 647 1604 719 formam.
1695 652 1890 721 itaque
1944 652 2113 705 etiam
2156 650 2438 705 distichon
2486 653 2603 721 epi-

303 735 690 806 9rammation
737 741 942 791 vocant
981 748 1207 804 poema.
1288 736 1486 804 poesis
1542 740 1629 788 est
1678 741 2026 805 perpetuum
2082 740 2478 806 arqumentum
2535 750 2602 790 ec

307 818 570 889 rythmis,
619 823 685 872 ut
727 817 873 873 Ilias
916 818 1158 875 Homeri
1199 823 1255 874 et
1297 818 1574 890 Annales,
1601 818 1795 874 Ennii.
1868 816 2099 890 poetica
2145 824 2230 873 est
2261 834 2364 874 ars
2399 834 2600 874 earum

308 917 528 959 rerum.
591 931 664 940 -
725 901 894 957 Diom.
940 898 1076 958 469·
1121 917 1326 972 poema
1360 917 1515 972 pars
1558 905 1753 973 operis
1795 909 1858 957 ut
1915 910 2086 957 actus
2130 902 2601 976 trayoediae,(ita

307 984 654 1041 scribendum
687 992 844 1058 puto,
889 984 1011 1041 cdd.
1046 994 1108 1042 ut
1139 982 1480 1060 trayoedia),
1523 990 1719 1058 poesis
1748 993 2057 1044 contextus
2086 992 2141 1042 et
2171 1002 2387 1058 corpus
2432 990 2603 1043 totius

305 1073 508 1141 opens
537 1071 742 1142 effecti
782 1077 843 1126 ut
871 1069 1025 1127 Ilias
1057 1070 1300 1143 Odyssia
1330 1071 1557 1127 Aeneis.
1607 1100 1683 1110 —-
1730 1071 1887 1127 aliter
1931 1070 2112 1145 paullo
2147 1067 2274 1126 Isid.
2310 1071 2352 1143 l,
2384 1071 2486 1143 38,
2520 1070 2595 1126 21

301 1157 503 1227 poesis
532 1183 613 1195 —-
646 1170 793 1225 opus
835 1157 1141 1212 multorum
1183 1157 1484 1227 librorum,
1525 1171 1732 1227 poema
1764 1159 1958 1229 unius,
2003 1158 2237 1229 idyllion
2273 1172 2601 1227 paucorum

307 1255 600 1308 versuum,
645 1239 934 1296 distichon
978 1241 1238 1310 duorum,
1285 1241 1676 1296 monostichon
1721 1243 1909 1310 unius,
1958 1257 2095 1313 quae
2127 1242 2390 1313 exscripta
2437 1239 2599 1295 habes

305 1324 451 1396 apud
500 1323 858 1379 Gaisl'ordium
904 1333 1060 1380 metr.
1106 1323 1221 1380 Lat.
1268 1341 1361 1398 pg.
1405 1322 1546 1380 574.
1607 1354 1691 1364 --
1748 1322 1842 1380 sed
1888 1325 1989 1379 iam
2041 1324 2254 1399 singula
2299 1325 2597 1381 videamus!

481 1405 702 1469 difficile
744 1408 983 1463 mercule
1027 1408 1426 1482 fragmentum,
1469 1408 1566 1464 sed
1615 1416 1795 1464 tamen
1837 1417 1899 1464 ut
1942 1411 2026 1464 vix
2075 1425 2325 1482 umquam
2369 1409 2436 1464 de
2479 1425 2601 1464 vera

307 1492 547 1548 lectione
590 1493 768 1565 possit
808 1491 1072 1564 dubitari,
1130 1492 1292 1551 modo
1335 1493 1487 1548 noris
1532 1509 1669 1566 quae
1726 1495 1797 1548 sit
1852 1495 1989 1549 ratio
2035 1493 2262 1549 ineunda
2307 1495 2358 1548 iu
2406 1493 2603 1549 tollen·
2692 1512 2696 1518 ·

305 1577 390 1633 dis
438 1575 935 1639 mendiscodicum
978 1576 1155 1633 Nonii.
1214 1608 1298 1617 -—
1351 1577 1463 1633 hoc
1506 1580 1687 1650 queck
1740 1577 1874 1633 illud
1916 1579 2057 1645 hoe,
2113 1577 2260 1650 quod
2316 1577 2472 1651 plane
2503 1586 2602 1637 ,est

307 1661 485 1732 nihili,
526 1677 591 1716 ex
622 1661 803 1734 priore
833 1678 990 1717 versu
1022 1663 1332 1734 repetitum.
1374 1692 1455 1702 -
1499 1664 1751 1733 idyllion,
1782 1663 1855 1717 ita
1887 1678 2016 1717 nos:
2048 1661 2168 1717 libri
2197 1663 2375 1724 idem;
2419 1668 2603 1734 potest

310 1754 491 1801 tamen
521 1745 627 1800 hoc
661 1744 985 1803 -vocabulum
1031 1754 1209 1801 ortum
1256 1750 1377 1802 esse
1422 1763 1486 1802 ex
1530 1746 1897 1820 dittographia
1941 1747 2056 1802 eius
2101 1746 2245 1819 quod
2293 1747 2474 1803 statim
2519 1762 2602 1801 se-

309 1831 500 1903 quitur
542 1832 695 1888 item.
740 1858 823 1869 --
867 1829 1046 1903 idyllia
1090 1832 1294 1904 primus
1339 1847 1370 1886 e
1412 1829 1663 1886 Romanis
1708 1830 1926 1903 scripsit
1961 1830 2172 1886 SueiuS.
2226 1860 2302 1869 —
2351 1833 2599 1902 epistula

308 1918 443 1971 item
498 1917 738 1987 quaevis
790 1931 905 1970 non
960 1933 1201 1988 magma,-
1255 1917 1311 1971 in
1365 1917 1495 1989 ipsis
1539 1914 1708 1971 Lucili
1764 1916 1962 1970 saturis
2011 1915 2165 1971 suere
2219 1913 2358 1971 haud
2402 1931 2601 1988 paucae

309 1999 607 2072 epistulae,
673 1998 969 2054 simillimae
1027 1998 1610 2073 Horatianis·excepto
1670 1999 1815 2072 quod
1872 2001 2046 2055 minus
2105 2008 2256 2055 erant
2313 2007 2601 2072 occupatae

308 2082 763 2157 philosophorum
808 2082 1016 2156 placitis
1062 2084 1445 2156 expendendis,
1480 2084 1589 2126 ¹—-
1642 2092 1881 2141 ceterum
1938 2085 2202 2140 vetustius
2249 2082 2600 2157 epistularum

309 2170 648 2240 poeticarum
706 2167 1008 2240 exemplum
1064 2176 1149 2223 est
1201 2168 1379 2241 Spurii
1435 2168 1673 2224 Mummii
1728 2167 1910 2224 fratris
1954 2169 2201 2239 Achaici,
2258 2168 2326 2224 de
2371 2185 2481 2241 quo
2528 2170 2602 2223 ita

310 2253 495 2309 cicero
540 2251 607 2306 ad
653 2253 763 2307 Au.
811 2251 944 2324 Xlll,
982 2252 1042 2324 6,
1074 2252 1114 2307 4
1159 2253 1486 2309 Mummium
1536 2254 1727 2325 fuisse
1768 2255 1852 2309 ad
1894 2252 2223 2311 Corinthum
2270 2270 2384 2324 pro
2442 2258 2602 2308 certo

310 2338 525 2393 liabeo.-
570 2351 749 2407 saepe
794 2339 940 2393 enim
985 2338 1080 2393 liic
1112 2337 1363 2409 Spurius
1392 2342 1494 2411 qui
1521 2353 1713 2409 nuper
1742 2345 1828 2393 est
1870 2344 2130 2394 mortuus
2159 2339 2440 2410 epistulas
2469 2338 2608 2393 mihi

306 2423 731 2493 pronuntiabat
762 2424 1066 2477 versiculis
1102 2420 1322 2494 facetis
1352 2422 1543 2496 (igitur
1572 2439 1680 2477 non
1715 2424 1862 2477 l'uere
1895 2421 2141 2493 saturnii)
2173 2423 2252 2477 ad
2275 2422 2605 2494 familiares

310 2510 521 2564 missas
549 2523 588 2562 a
626 2504 913 2565 Corintho.
956 2537 1041 2547 —-
1075 2514 1343 2579 poemast
1371 2510 1495 2580 illa,
1538 2498 1984 2570 ἆνακόλοῡθον;
2028 2506 2114 2563 alii
2159 2514 2423 2563 commate
2455 2505 2601 2580 quod

314 2600 400 2647 est
440 2599 569 2665 post
611 2593 821 2665 mayna
865 2590 1050 2648 deleto
1090 2595 1192 2648 illa
1237 2592 1303 2648 ad
1346 2609 1583 2667 sequens
1629 2591 1847 2647 verbum
1891 2593 2133 2665 trahunt,
2178 2593 2355 2647 minus
2386 2591 2600 2667 elegan-

314 2684 415 2731 ter.
472 2707 559 2718 --
615 2684 675 2732 ut
722 2684 761 2733 t.
801 2706 873 2717 -
908 2680 1268 2750 annalesque
1282 2702 1300 2740 ,·
1355 2678 1442 2733 hic
1496 2677 1671 2733 divina
1728 2676 1886 2750 plane
1941 2676 2183 2734 sollertia
2239 2694 2369 2732 usus
2426 2676 2602 2732 Dousa

312 2769 460 2817 recte
504 2762 896 2833 interpretatus
942 2768 1027 2816 est
1078 2768 1387 2835 corruptam
1433 2761 1694 2818 librorum
1745 2763 2086 2834 scripturam.
2177 2768 2397 2834 apparet
2441 2762 2604 2831 enim,

313 2862 432 2900 cum
477 2847 533 2900 in
561 2846 821 2919 ‘margine
865 2853 1050 2901 essent
1094 2845 1270 2902 addita
1314 2854 1376 2902 ut
1420 2854 1475 2902 et
1520 2862 1630 2920 que
1676 2861 1734 2901 ea
1766 2846 1888 2901 loco
1919 2846 2125 2900 interse
2164 2852 2487 2918 permutata.
2520 2873 2605 2884 —-

315 2921 637 2997 σύνθεσις;
694 2931 767 2985 ita
811 2931 1013 3003 optime
1059 2929 1432 2991 Franckenius.
1520 2936 1575 2987 in
1620 2930 1769 2986 libris
1814 2929 2017 3004 legitur
2070 2936 2156 2986 est
2207 2947 2356 2993 una,·
2409 2944 2604 3002 nempe

319 3065 571 3122 traditum
619 3066 915 3139 antiquitus
960 3065 1135 3121 suerat
1179 3037 1308 3122 sun.
1353 3093 1438 3107 --
1481 3072 1617 3132 stoc,
1666 3082 1846 3139 opere
1859 3090 1876 3130 ‚-
1918 3073 2021 3121 cet.
2069 3065 2138 3121 cf.
2185 3064 2236 3119 d.
2280 3083 2324 3120 r.
2357 3082 2427 3120 m.
2460 3063 2603 3122 304.

317 3179 394 3191 —-
438 3168 621 3207 unum
663 3152 930 3224 scripsere
976 3149 1177 3206 librarii
1229 3159 1455 3224 propter
1509 3168 1746 3225 sequens
1798 3155 2004 3207 maius.
2095 3167 2206 3225 non
2258 3151 2427 3205 ausim
2471 3147 2599 3204 Luc.

321 3234 557 3291 tribuere
604 3232 835 3292 biblium
879 3253 1074 3292 unum.
1120 3265 1204 3291 .—
1248 3243 1333 3291 est
1375 3240 1561 3293 maius
1591 3239 1763 3293 multo
1806 3235 2024 3308 IuniuS,
2072 3241 2157 3291 est
2200 3238 2389 3290 maius
2428 3236 2604 3289 multo

319 3320 550 3401 est‘libri
583 3336 681 3393 per
710 3320 957 3394 dittogr.,
1004 3321 1156 3375 cuius
1190 3320 1298 3375 vitii
1331 3320 1587 3394 exemplis
1618 3329 1680 3376 ut
1710 3320 1834 3376 alias
1866 3320 2185 3394 plerumque
2228 3320 2300 3374 ita
2347 3319 2451 3373 hoc
2479 3317 2602 3373 loco

320 3403 589 3461 abundant
627 3404 838 3460 codices
869 3402 1041 3460 Nonii.
1083 3434 1166 3445 -—
1209 3420 1394 3478 neque
1424 3407 1477 3460 in
1524 3406 1680 3461 tertia
1721 3406 1863 3460 thesi
1903 3421 2025 3459 raro
2056 3403 2329 3459 invenitur
2358 3417 2459 3457 nec
2488 3401 2603 3456 sere

318 3491 415 3545 nisi
472 3487 615 3563 apud
660 3497 847 3562 poetas
893 3488 1162 3547 duriores,
1213 3518 1292 3530 -—-
1336 3490 1714 3562 enthymema,
1756 3490 1859 3545 hoc
1892 3504 2008 3544 voc.
2041 3504 2174 3543 usus
2206 3495 2260 3543 et
2291 3487 2474 3542 luven.
2521 3516 2605 3526 —-

319 3583 555 3630 ceterum
602 3583 700 3629 sat.
733 3574 1001 3629 diversum
1033 3575 1088 3630 in
1119 3573 1337 3630 modum
1369 3574 1474 3630 hoc
1504 3574 1667 3649 srgm.
1700 3575 2105 3630 constituerunt
2148 3571 2327 3627 Lchm.
2363 3571 2402 3627 l.
2434 3588 2507 3627 m.
2542 3570 2603 3643 4,

320 3656 537 3714 Franck.
585 3658 627 3731 l,
672 3658 772 3715 46.

488 3760 588 3818 23.
637 3761 743 3817 hoc
769 3778 929 3830 versu
953 3762 1165 3817 irrideri
1196 3778 1290 3817 eos
1318 3763 1410 3835 qui
1439 3766 1683 3819 laterem
1707 3768 1761 3817 et
1784 3764 1944 3817 latus
1962 3767 2276 3834 permutent
2299 3775 2401 3815 usu
2423 3759 2606 3815 monui

322 3845 372 3902 d.
403 3865 449 3903 r.
482 3862 553 3901 m.
590 3845 736 3902 380.
778 3877 861 3887 —-
906 3850 1086 3904 lutum
1118 3853 1171 3904 et
1198 3850 1407 3918 paleas
1436 3864 1483 3903 e.
1521 3866 1573 3921 q.
1609 3864 1688 3918 S.;
1735 3845 1805 3901 cf.
1837 3845 1985 3900 Paul.
2023 3844 2140 3903 187
2187 3848 2367 3901 lutum
2399 3859 2606 3900 acera-

324 3939 432 3988 tum
469 3930 664 4003 paleis
691 3935 962 3995 miccium‚·
1006 3938 1060 3987 et
1106 3930 1307 3986 vitruv,
1354 3931 1417 4002 ll,
1451 3932 1487 3989 3
1533 3934 1753 3987 lateres
1785 3947 1897 3986 non
1929 3933 1999 3987 de
2029 3930 2297 3987 sabuloso
2326 3931 2445 3986 luto
2475 3935 2609 3984 sunt

322 4017 581 4087 ducendi,
613 4018 766 4089 quod
787 4047 869 4056 —
894 4018 1108 4088 paleae
1137 4019 1193 4071 in
1225 4017 1316 4071 Itis
1345 4034 1458 4073 non
1491 4018 1917 4074 cohaerescunt
1939 4022 2187 4087 propter
2216 4017 2604 4085 asperitatem.

486 4127 587 4184 24.
655 4144 828 4202 nugas
874 4128 1345 4201 grammaticorum
1391 4128 1483 4200 qui
1528 4128 1670 4183 inter
1715 4124 1931 4182 forfices
1976 4134 2031 4181 et
2060 4126 2295 4198 forcipes
2340 4131 2397 4179 et
2440 4123 2607 4195 sorpi-

323 4229 406 4268 ces
449 4212 725 4292 subtiliter
768 4212 1133 4268 distinxerunt
1175 4211 1402 4268 irridere
1446 4211 1662 4268 videtur
1702 4211 1961 4268 LuciliuS.
2020 4241 2103 4251 —
2152 4210 2608 4281 forcipiumque3

322 4297 389 4353 ita
418 4297 620 4354 dixisse
651 4296 864 4354 videtur
893 4297 1085 4351 Accius
1125 4290 1300 4372 [419.
1331 4291 1482 4372 501]
1531 4300 1897 4368 extispicium
1927 4303 1982 4351 et
2022 4295 2389 4365 principium,
2423 4306 2609 4364 quam-

325 4400 475 4460 quam
519 4384 716 4439 mirum
759 4381 909 4440 illum
956 4381 1206 4454 longiore
1250 4380 1422 4436 forma
1467 4382 1548 4436 uti
1591 4381 1828 4437 voluisse
1874 4378 1963 4435 ubi
2015 4378 2227 4434 brevior
2270 4378 2441 4450 magis
2485 4385 2606 4452 apta

2076 4473 2181 4527 15*
