3267 5075
664 307 789 377 168
1447 278 1680 360 FALso
1717 302 2145 360 ADSCRJPTA.

661 472 888 557 penda,
917 471 997 536 ab
1026 469 1368 536 Auruncae
1398 468 1660 534 alumno
1687 468 1939 533 venisse
1968 467 2186 532 credat
2218 467 2492 533 Iudaeus
2529 466 2773 552 Apella,
2809 489 2938 532 non

664 607 803 673 ego.
892 607 1047 653 nam
1107 586 1361 653 etiamsi
1425 606 1737 669 personae
1792 585 2071 653 comicae
2133 584 2203 648 in
2266 584 2503 648 saturis
2564 581 2789 648 Lucilii
2841 604 2934 647 oc-

665 705 947 785 currunt,
991 703 1150 785 puta
1195 697 1430 783 GnatO,
1467 696 1791 784 Chremes,
1829 698 2278 783 Demaenetus,
2322 721 2441 769 nec
2486 699 2701 763 minus
2745 699 2936 782 plera-

667 839 788 902 que
851 817 923 882 in
979 815 1183 881 isdem
1246 834 1361 899 per
1424 814 1712 881 diverbia
1772 814 1949 879 fuere
2012 813 2356 899 disposita,
2427 817 2648 881 tamen
2709 814 2937 898 simpli-

668 933 825 998 citer
887 931 1244 1029 iudicaturo
1309 929 1580 995 similius
1645 929 1839 1013 longe
1901 928 2036 994 veri
2097 928 2418 995 videbitur
2483 951 2562 994 ex
2626 929 2938 995 comoedia

669 1048 885 1132 aliqua
947 1046 1106 1112 haec
1173 1066 1312 1120 esse
1383 1043 1616 1128 petita,
1694 1043 1859 1108 sicut
1927 1043 2130 1109 habes
2203 1043 2372 1128 apud
2443 1043 2811 1113 Terentium
2875 1044 2933 1107 in

670 1161 871 1225 Andr.
905 1159 991 1244 Π,
1026 1160 1087 1244 4,
1117 1159 1162 1227 8
1212 1181 1249 1223 o
1286 1158 1713 1243 Pamphile,
1759 1161 1831 1222 te
1877 1158 2127 1245 ipsum
2173 1180 2472 1243 quaer0.
2564 1159 2807 1224 accedit
2842 1158 2934 1222 fir-

671 1274 943 1340 mandae
990 1274 1332 1358 suspitioni
1379 1274 1832 1360 gravissimum
1875 1273 2051 1358 illud,
2097 1273 2267 1357 quod
2310 1270 2565 1337 Servius
2614 1274 2771 1337 alias
2812 1273 2943 1359 nul-⁴

670 1390 802 1452 lam
848 1411 1302 1475 usquequaque
1348 1390 1770 1454 iambicorum
1816 1389 1917 1453 vel
1962 1388 2433 1453 trochaicorum
2478 1388 2791 1453 librorum
2831 1387 2941 1451 Lu-

675 1503 804 1568 cilii
848 1504 1065 1588 prodit
1107 1505 1421 1589 peritiam.
1511 1505 1712 1590 igitur
1744 1500 1939 1568 ‘haud
1985 1506 2362 1569 cunctanter
2407 1501 2671 1570 Caecilii
2725 1525 2946 1568 nomen

673 1619 1157 1684 restituendum.
2772 1636 2777 1639 ’

1724 1702 1911 1772 XXV

1423 1842 1542 1888 nec
1588 1823 1642 1887 si
1688 1826 1753 1888 te
1799 1826 2055 1907 pectore
2100 1826 2280 1898 vates

856 1930 1182 2015 accipiam.
2204 2007 2213 2019 ·

1527 2016 1749 2085 XXVI
1794 2020 1943 2101 [inc.
1991 2019 2103 2099 72]
2522 2050 2525 2053 >

777 2118 783 2125 ’
859 2132 1116 2199 Servius
1162 2133 1245 2198 ad
1282 2156 1420 2199 aen.
1456 2130 1534 2218 X,
1562 2134 1720 2200 564:
1765 2135 2033 2199 tacitis
2079 2134 2444 2217 Amyclis:
2489 2132 2727 2198 tacitae
2770 2134 2942 2217 Amy-

681 2250 818 2314 clae
874 2249 1080 2314 dictae
1135 2253 1315 2334 sunt,
1367 2249 1550 2334 ,quod
1611 2250 1857 2334 periere
1913 2250 2188 2314 silentio.
2289 2249 2440 2321 hinc
2500 2251 2601 2314 est
2654 2249 2821 2334 quod
2867 2249 2946 2313 ait

681 2363 1026 2429 Lucilius
1080 2362 1311 2449 (unde
1355 2363 1699 2430 Lucilius
1754 2363 1866 2428 ait
1908 2362 2110 2428 Paris.
2161 2360 2362 2447 7929)
2417 2363 2603 2428 ‘mihi
2648 2366 2949 2430 necessest

684 2480 889 2564 loqui3
932 2502 1085 2545 nam
1131 2480 1262 2546 scio
1308 2479 1612 2564 Amyclas
1659 2475 2034 2565 (Amiclas
2081 2478 2310 2565 Regin.
2361 2480 2557 2563 1674,
2599 2477 2826 2566 Paris.)
2866 2482 2946 2545 ta-

687 2596 889 2659 cendo
934 2596 1198 2680 perisse’
1242 2595 1365 2681 (ita
1410 2595 1505 2660 cd.
1551 2594 1863 2678 uterque).
1951 2595 2111 2658 haec
2153 2594 2350 2659 verba
2392 2616 2542 2660 cum
2588 2618 2628 2660 a
2671 2596 2950 2679 numeria

687 2711 798 2775 sed
842 2710 1118 2775 maxime
1166 2705 1493 2794 dactylicis
1538 2711 1734 2795 plane
1780 2710 1912 2773 sint
1957 2709 2187 2795 aliena,
2232 2710 2401 2776 ultro
2450 2710 2655 2775 oritur
2701 2711 2949 2795 suspitio

621 2909 631 2916 ⁶
688 2822 980 2890 Servium
1024 2828 1098 2888 ut
1151 2847 1341 2910 saepe
1397 2826 1556 2890 alias
1609 2825 1864 2909 lapsum
1908 2826 2234 2890 memoria.
2317 2825 2477 2889 adde
2524 2827 2951 2910 gravissimum

687 2940 846 3004 illud
893 2939 1064 3023 quod
1117 2940 1188 3008 in
1247 2940 1506 3008 scholiis
1551 2938 2036 3008 Veronensibus
2091 2941 2173 3005 ad
2225 2939 2498 3025 Vergilii
2551 2962 2803 3005 versum
2844 2940 2952 3004 hoc

688 3056 975 3152 notatur:
1029 3055 1335 3138 Amyclis,
1424 3077 1502 3119 ex
1554 3055 1894 3140 proverbio
1954 3051 2336 3141 [sumetum
2383 3057 2506 3139 est,
2561 3056 2743 3122 cuius
2787 3055 2951 3119 Afra-

689 3171 837 3234 nius
883 3170 1179 3234 meminit
1229 3170 1300 3234 in
1344 3169 1607 3235 Prodito
1667 3169 2175 3236 ‘deliberatumst
2226 3192 2361 3235 non
2414 3172 2627 3235 tacere
2684 3170 2955 3255 amplius,

690 3285 993 3372 Amyclas
1066 3285 1367 3365 tacen[do
1440 3280 1709 3371 p]erisse
1783 3285 2019 3351 audio'.
2092 3323 2176 3332 —
2251 3286 2424 3374 quod
2496 3307 2644 3350 cum
2717 3287 2809 3352 ita
2867 3285 2956 3370 sit,'

689 3401 851 3465 haut
896 3401 1169 3465 absurde
1216 3400 1442 3465 statuit
1487 3398 1560 3464 O.
1606 3398 1996 3464 Ribbeckius
2042 3400 2112 3464 in
2156 3401 2369 3466 verbis
2417 3398 2624 3465 Servii
2666 3400 2815 3466 Luc.
2856 3421 2955 3464 no-

691 3537 841 3581 men
902 3538 1020 3600 pro
1084 3515 1338 3580 Afranii
1392 3537 1606 3580 errore
1668 3514 1979 3599 positum,
2042 3518 2252 3580 cetera
2315 3517 2531 3580 autem
2584 3537 2788 3600 prava
2845 3537 2956 3580 me-

693 3631 899 3695 moria
970 3631 1294 3696 destructa
1364 3652 1522 3695 esse.
1637 3651 1868 3713 nempe
1941 3631 2318 3715 exquisitius
2391 3633 2456 3694 et
2526 3631 2736 3696 rarius
2807 3631 2959 3695 dicta

694 3745 808 3808 illa
871 3743 1372 3818 deliberatum
1436 3747 1552 3810 est
1603 3766 1757 3809 non
1813 3746 2066 3809 tacere
2121 3745 2494 3831 vulgaribus
2543 3767 2617 3826 ac
2665 3746 2742 3810 de
2786 3745 2956 3810 trivio

693 3858 913 3943 petitis
966 3860 1242 3924 mutavit
1294 3861 1656 3926 scholiasta.
1690 3843 1691 3846 Ἴ
1726 3897 1811 3906 -
1876 3862 2156 3924 ceterum
2213 3883 2251 3924 a
2306 3858 2526 3926 Servio
2582 3883 2718 3925 non
2770 3860 2957 3945 magis

696 3995 890 4059 quam
955 3995 994 4037 a
1050 3973 1369 4059 plerisque
1433 3975 1616 4039 citari
1669 3975 1944 4040 iambica
1997 3977 2064 4039 et
2115 3975 2444 4041 trochaica
2505 3974 2735 4041 Lucilii
2790 3996 2960 4059 supra

696 4089 1073 4172 expositum.

898 4248 1051 4302 XXV
1110 4248 1254 4316 apud
1302 4246 1546 4298 Servium
1594 4248 1673 4298 eis
1726 4264 1866 4313 quae
1917 4253 2180 4304 notantur
2231 4249 2301 4300 ad
2341 4265 2463 4300 aen.
2507 4249 2669 4312 VIII,
2713 4253 2812 4301 340
2863 4264 2961 4300 va-

698 4314 791 4366 tis
846 4315 1170 4368 fatidicae
1225 4316 1355 4366 haec
1400 4322 1530 4367 sunt
1572 4314 1760 4367 addita
1803 4318 1860 4367 in
1907 4316 2025 4369 cdd.
2081 4317 2407 4385 quibusdam
2460 4317 2819 4369 ‘Lucilium
2877 4329 2962 4367 nec
