<?xml version="1.0" encoding="UTF-8"?>
<!DOCTYPE html PUBLIC "-//W3C//DTD XHTML 1.0 Transitional//EN"
    "http://www.w3.org/TR/xhtml1/DTD/xhtml1-transitional.dtd">
<html xmlns="http://www.w3.org/1999/xhtml" xml:lang="en" lang="en">
 <head>
  <title>
</title>
<meta http-equiv="Content-Type" content="text/html;charset=utf-8" />
  <meta name='ocr-system' content='tesseract 3.04.00' />
  <meta name='ocr-capabilities' content='ocr_page ocr_carea ocr_par ocr_line ocrx_word'/>
</head>
<body>
  <div class='ocr_page' id='page_1' title='image "./clucilisaturaru00mlgoog_0264.png"; bbox 0 0 3267 5075; ppageno 0'>
   <div class='ocr_carea' id='block_1_1' title="bbox 459 406 2049 481">
    <p class='ocr_par' dir='ltr' id='par_1_1' title="bbox 459 406 2049 481">
     <span class='ocr_line' id='line_1_1' title="bbox 459 406 2049 481; baseline -0.012 1"><span class='ocrx_word' id='word_1_1' title='bbox 459 456 466 461; x_wconf 90' lang='lat'><strong>·</strong></span> <span class='ocrx_word' id='word_1_2' title='bbox 571 412 697 481; x_wconf 84' lang='grc'><strong>164</strong></span> <span class='ocrx_word' id='word_1_3' title='bbox 1353 406 1582 466; x_wconf 81' lang='lat' dir='ltr'><strong>FALSO</strong></span> <span class='ocrx_word' id='word_1_4' title='bbox 1621 406 2049 466; x_wconf 81' lang='lat' dir='ltr'><strong>ADSCRlPTA.</strong></span> 
     </span>
    </p>
   </div>
   <div class='ocr_carea' id='block_1_2' title="bbox 48 4873 252 5060">
    <p class='ocr_par' dir='ltr' id='par_1_2' title="bbox 48 4873 252 5060">
     <span class='ocr_line' id='line_1_2' title="bbox 48 4873 252 5060; baseline 0 15"><span class='ocrx_word' id='word_1_5' title='bbox 48 4873 252 5060; x_wconf 95' lang='lat' dir='ltr'><strong> </strong></span> 
     </span>
    </p>
   </div>
   <div class='ocr_carea' id='block_1_3' title="bbox 660 573 2521 1925">
    <p class='ocr_par' dir='ltr' id='par_1_3' title="bbox 660 573 2521 1925">
     <span class='ocr_line' id='line_1_3' title="bbox 1678 573 1739 638; baseline 0 -59"><span class='ocrx_word' id='word_1_6' title='bbox 1678 573 1739 638; x_wconf 79' lang='lat' dir='ltr'><strong>V</strong></span> 
     </span>
     <span class='ocr_line' id='line_1_4' title="bbox 744 688 2055 778; baseline -0.005 -21"><span class='ocrx_word' id='word_1_7' title='bbox 744 715 1047 778; x_wconf 86' lang='lat' dir='ltr'><strong>magnam</strong></span> <span class='ocrx_word' id='word_1_8' title='bbox 1094 691 1242 755; x_wconf 91' lang='lat' dir='ltr'><strong>inde</strong></span> <span class='ocrx_word' id='word_1_9' title='bbox 1289 692 1656 775; x_wconf 84' lang='lat' dir='ltr'><strong>appiseatus</strong></span> <span class='ocrx_word' id='word_1_10' title='bbox 1703 688 2055 753; x_wconf 84' lang='lat' dir='ltr'><strong>infamiam.</strong></span> 
     </span>
     <span class='ocr_line' id='line_1_5' title="bbox 1037 798 1760 867; baseline -0.004 3"><span class='ocrx_word' id='word_1_11' title='bbox 1037 812 1046 817; x_wconf 74' lang='grc'><strong>”</strong></span> <span class='ocrx_word' id='word_1_12' title='bbox 1664 798 1760 867; x_wconf 84' lang='lat' dir='ltr'><strong>VI</strong></span> 
     </span>
     <span class='ocr_line' id='line_1_6' title="bbox 746 916 2521 1003; baseline -0.005 -15"><span class='ocrx_word' id='word_1_13' title='bbox 746 924 949 988; x_wconf 82' lang='lat' dir='ltr'><strong>otium</strong></span> <span class='ocrx_word' id='word_1_14' title='bbox 994 921 1226 985; x_wconf 88' lang='lat' dir='ltr'><strong>inertia</strong></span> <span class='ocrx_word' id='word_1_15' title='bbox 1270 920 1477 1003; x_wconf 85' lang='lat' dir='ltr'><strong>pallor</strong></span> <span class='ocrx_word' id='word_1_16' title='bbox 1526 941 1672 982; x_wconf 89' lang='lat' dir='ltr'><strong>eum</strong></span> <span class='ocrx_word' id='word_1_17' title='bbox 1719 918 1799 981; x_wconf 85' lang='lat' dir='ltr'><strong>ad</strong></span> <span class='ocrx_word' id='word_1_18' title='bbox 1844 918 2213 1001; x_wconf 84' lang='lat' dir='ltr'>pauperiem</span> <span class='ocrx_word' id='word_1_19' title='bbox 2259 916 2521 1000; x_wconf 86' lang='lat' dir='ltr'><strong>redegit.</strong></span> 
     </span>
     <span class='ocr_line' id='line_1_7' title="bbox 1650 1041 1777 1106; baseline -0.008 0"><span class='ocrx_word' id='word_1_20' title='bbox 1650 1041 1777 1106; x_wconf 90' lang='lat' dir='ltr'><strong>VH</strong></span> 
     </span>
     <span class='ocr_line' id='line_1_8' title="bbox 660 1156 1915 1239; baseline -0.008 -11"><span class='ocrx_word' id='word_1_21' title='bbox 660 1165 701 1228; x_wconf 84' lang='lat'>5</span> <span class='ocrx_word' id='word_1_22' title='bbox 1385 1161 1457 1221; x_wconf 87' lang='lat' dir='ltr'><strong>ut</strong></span> <span class='ocrx_word' id='word_1_23' title='bbox 1503 1156 1681 1222; x_wconf 86' lang='lat' dir='ltr'><strong>arida</strong></span> <span class='ocrx_word' id='word_1_24' title='bbox 1727 1177 1915 1239; x_wconf 85' lang='lat' dir='ltr'><strong>saepe</strong></span> 
     </span>
     <span class='ocr_line' id='line_1_9' title="bbox 747 1275 1386 1341; baseline -0.006 0"><span class='ocrx_word' id='word_1_25' title='bbox 747 1279 998 1341; x_wconf 81' lang='lat' dir='ltr'><strong>torrent</strong></span> <span class='ocrx_word' id='word_1_26' title='bbox 1044 1275 1124 1338; x_wconf 85' lang='lat' dir='ltr'><strong>ad</strong></span> <span class='ocrx_word' id='word_1_27' title='bbox 1171 1275 1386 1338; x_wconf 82' lang='lat' dir='ltr'><strong>solem.</strong></span> 
     </span>
     <span class='ocr_line' id='line_1_10' title="bbox 849 1385 1789 1451; baseline -0.004 4"><span class='ocrx_word' id='word_1_28' title='bbox 849 1431 876 1437; x_wconf 80' lang='lat'><em>-</em></span> <span class='ocrx_word' id='word_1_29' title='bbox 1628 1385 1789 1451; x_wconf 87' lang='lat' dir='ltr'><strong>VIII</strong></span> 
     </span>
     <span class='ocr_line' id='line_1_11' title="bbox 749 1499 2192 1585; baseline -0.003 -16"><span class='ocrx_word' id='word_1_30' title='bbox 749 1527 893 1569; x_wconf 86' lang='lat' dir='ltr'><strong>cum</strong></span> <span class='ocrx_word' id='word_1_31' title='bbox 938 1504 1160 1568; x_wconf 88' lang='lat' dir='ltr'>nimbo</span> <span class='ocrx_word' id='word_1_32' title='bbox 1207 1504 1471 1568; x_wconf 84' lang='lat' dir='ltr'><strong>caelitus</strong></span> <span class='ocrx_word' id='word_1_33' title='bbox 1519 1501 1847 1567; x_wconf 85' lang='lat' dir='ltr'><strong>descendit</strong></span> <span class='ocrx_word' id='word_1_34' title='bbox 1890 1499 2192 1585; x_wconf 81' lang='lat' dir='ltr'><strong>Iuppiter.</strong></span> 
     </span>
     <span class='ocr_line' id='line_1_12' title="bbox 1667 1624 1761 1688; baseline 0 0"><span class='ocrx_word' id='word_1_35' title='bbox 1667 1624 1761 1688; x_wconf 92' lang='lat' dir='ltr'><strong>IX</strong></span> 
     </span>
     <span class='ocr_line' id='line_1_13' title="bbox 748 1741 2247 1829; baseline -0.003 -21"><span class='ocrx_word' id='word_1_36' title='bbox 748 1745 858 1829; x_wconf 88' lang='lat' dir='ltr'><strong>qui</strong></span> <span class='ocrx_word' id='word_1_37' title='bbox 901 1744 972 1808; x_wconf 88' lang='lat' dir='ltr'><strong>in</strong></span> <span class='ocrx_word' id='word_1_38' title='bbox 1015 1742 1342 1807; x_wconf 88' lang='lat' dir='ltr'><strong>hominem</strong></span> <span class='ocrx_word' id='word_1_39' title='bbox 1387 1741 1797 1805; x_wconf 73' lang='lat' dir='ltr'>innocentem</span> <span class='ocrx_word' id='word_1_40' title='bbox 1845 1741 1935 1804; x_wconf 86' lang='lat' dir='ltr'><strong>sic</strong></span> <span class='ocrx_word' id='word_1_41' title='bbox 1981 1741 2247 1805; x_wconf 67' lang='lat' dir='ltr'><strong>exultas</strong></span> 
     </span>
     <span class='ocr_line' id='line_1_14' title="bbox 1680 1861 1739 1925; baseline 0 0"><span class='ocrx_word' id='word_1_42' title='bbox 1680 1861 1739 1925; x_wconf 90' lang='lat' dir='ltr'><strong>X</strong></span> 
     </span>
    </p>
   </div>
   <div class='ocr_carea' id='block_1_4' title="bbox 621 1942 2531 2302">
    <p class='ocr_par' dir='ltr' id='par_1_4' title="bbox 621 1942 2531 2302">
     <span class='ocr_line' id='line_1_15' title="bbox 1316 1942 2531 2062; baseline -0.001 -18"><span class='ocrx_word' id='word_1_43' title='bbox 1316 1981 1513 2044; x_wconf 86' lang='lat' dir='ltr'><strong>timeo</strong></span> <span class='ocrx_word' id='word_1_44' title='bbox 1561 1942 1756 2062; x_wconf 77' lang='lat' dir='ltr'><strong>certe,</strong></span> <span class='ocrx_word' id='word_1_45' title='bbox 1802 2001 1883 2042; x_wconf 93' lang='lat' dir='ltr'><strong>ne</strong></span> <span class='ocrx_word' id='word_1_46' title='bbox 1929 1978 2087 2042; x_wconf 81' lang='lat' dir='ltr'><strong>mihi</strong></span> <span class='ocrx_word' id='word_1_47' title='bbox 2135 1980 2222 2042; x_wconf 82' lang='lat' dir='ltr'><strong>sit</strong></span> <span class='ocrx_word' id='word_1_48' title='bbox 2263 1978 2531 2043; x_wconf 84' lang='lat' dir='ltr'><strong>tristior.</strong></span> 
     </span>
     <span class='ocr_line' id='line_1_16' title="bbox 1670 2101 1765 2173; baseline 0 -7"><span class='ocrx_word' id='word_1_49' title='bbox 1670 2101 1765 2173; x_wconf 89' lang='lat' dir='ltr'><strong>XI</strong></span> 
     </span>
     <span class='ocr_line' id='line_1_17' title="bbox 621 2216 2190 2302; baseline -0.006 -14"><span class='ocrx_word' id='word_1_50' title='bbox 621 2225 704 2289; x_wconf 85' lang='lat'><strong>10</strong></span> <span class='ocrx_word' id='word_1_51' title='bbox 1313 2219 1636 2302; x_wconf 79' lang='lat' dir='ltr'><strong>plangunt</strong></span> <span class='ocrx_word' id='word_1_52' title='bbox 1667 2218 1898 2281; x_wconf 78' lang='lat' dir='ltr'><strong>littora</strong></span> <span class='ocrx_word' id='word_1_53' title='bbox 1940 2216 2190 2281; x_wconf 85' lang='lat' dir='ltr'><strong>fluctus.</strong></span> 
     </span>
    </p>
   </div>
   <div class='ocr_carea' id='block_1_5' title="bbox 1656 2340 1783 2405">
    <p class='ocr_par' dir='ltr' id='par_1_5' title="bbox 1656 2340 1783 2405">
     <span class='ocr_line' id='line_1_18' title="bbox 1656 2340 1783 2405; baseline 0 0"><span class='ocrx_word' id='word_1_54' title='bbox 1656 2340 1783 2405; x_wconf 90' lang='lat' dir='ltr'><strong>XII</strong></span> 
     </span>
    </p>
   </div>
   <div class='ocr_carea' id='block_1_6' title="bbox 1321 2455 2196 2521">
    <p class='ocr_par' dir='ltr' id='par_1_6' title="bbox 1321 2455 2196 2521">
     <span class='ocr_line' id='line_1_19' title="bbox 1321 2455 2196 2521; baseline -0.002 -1"><span class='ocrx_word' id='word_1_55' title='bbox 1321 2457 1522 2521; x_wconf 85' lang='lat' dir='ltr'><strong>vincit</strong></span> <span class='ocrx_word' id='word_1_56' title='bbox 1567 2455 1896 2520; x_wconf 85' lang='lat' dir='ltr'><strong>columbos</strong></span> <span class='ocrx_word' id='word_1_57' title='bbox 1946 2455 2196 2521; x_wconf 68' lang='lat' dir='ltr'><strong>osculis</strong></span> 
     </span>
    </p>
   </div>
   <div class='ocr_carea' id='block_1_7' title="bbox 574 2720 2869 4472">
    <p class='ocr_par' dir='ltr' id='par_1_7' title="bbox 574 2720 2867 3195">
     <span class='ocr_line' id='line_1_20' title="bbox 574 2720 2863 2788; baseline -0.002 -10"><span class='ocrx_word' id='word_1_58' title='bbox 574 2727 903 2779; x_wconf 78' lang='lat' dir='ltr'><strong>Lucilius,</strong></span> <span class='ocrx_word' id='word_1_59' title='bbox 1074 2726 1123 2774; x_wconf 89' lang='lat' dir='ltr'><strong>V</strong></span> <span class='ocrx_word' id='word_1_60' title='bbox 1180 2725 1299 2776; x_wconf 88' lang='lat' dir='ltr'><strong>Per.</strong></span> <span class='ocrx_word' id='word_1_61' title='bbox 1338 2739 1382 2774; x_wconf 88' lang='lat' dir='ltr'><strong>c.</strong></span> <span class='ocrx_word' id='word_1_62' title='bbox 1419 2738 1540 2788; x_wconf 87' lang='lat' dir='ltr'><strong>cop.</strong></span> <span class='ocrx_word' id='word_1_63' title='bbox 1577 2724 1691 2785; x_wconf 87' lang='grc'><strong>152,</strong></span> <span class='ocrx_word' id='word_1_64' title='bbox 1727 2724 1792 2772; x_wconf 90' lang='grc'><strong>22</strong></span> <span class='ocrx_word' id='word_1_65' title='bbox 1845 2722 2120 2787; x_wconf 84' lang='lat' dir='ltr'><strong>adipiscor</strong></span> <span class='ocrx_word' id='word_1_66' title='bbox 2157 2720 2298 2787; x_wconf 90' lang='lat' dir='ltr'><strong>quod</strong></span> <span class='ocrx_word' id='word_1_67' title='bbox 2335 2720 2607 2785; x_wconf 82' lang='lat' dir='ltr'><strong>significat</strong></span> <span class='ocrx_word' id='word_1_68' title='bbox 2640 2722 2863 2787; x_wconf 88' lang='lat' dir='ltr'><strong>acquiro</strong></span> 
     </span>
     <span class='ocr_line' id='line_1_21' title="bbox 575 2788 2864 2859; baseline -0.001 -15"><span class='ocrx_word' id='word_1_69' title='bbox 575 2801 791 2847; x_wconf 85' lang='lat' dir='ltr'><strong>veteres</strong></span> <span class='ocrx_word' id='word_1_70' title='bbox 827 2794 1139 2859; x_wconf 74' lang='lat' dir='ltr'><strong>appiacor</strong></span> <span class='ocrx_word' id='word_1_71' title='bbox 1172 2792 1444 2843; x_wconf 81' lang='lat' dir='ltr'><strong>dicebant.</strong></span> <span class='ocrx_word' id='word_1_72' title='bbox 1502 2791 1837 2842; x_wconf 75' lang='lat' dir='ltr'><strong>Lucilius.</strong></span> <span class='ocrx_word' id='word_1_73' title='bbox 1874 2817 1935 2825; x_wconf 93' lang='lat'>—</span> <span class='ocrx_word' id='word_1_74' title='bbox 1970 2788 2210 2840; x_wconf 79' lang='lat' dir='ltr'><strong>videnda</strong></span> <span class='ocrx_word' id='word_1_75' title='bbox 2236 2804 2374 2856; x_wconf 83' lang='lat' dir='ltr'><strong>quae</strong></span> <span class='ocrx_word' id='word_1_76' title='bbox 2396 2789 2629 2840; x_wconf 83' lang='lat' dir='ltr'><strong>diximus</strong></span> <span class='ocrx_word' id='word_1_77' title='bbox 2653 2797 2864 2856; x_wconf 81' lang='lat' dir='ltr'><strong>quaest.</strong></span> 
     </span>
     <span class='ocr_line' id='line_1_22' title="bbox 582 2855 2865 2924; baseline -0.002 -12"><span class='ocrx_word' id='word_1_78' title='bbox 582 2863 760 2915; x_wconf 87' lang='lat' dir='ltr'><strong>Lucil.</strong></span> <span class='ocrx_word' id='word_1_79' title='bbox 798 2878 846 2916; x_wconf 86' lang='lat' dir='ltr'><strong>c.</strong></span> <span class='ocrx_word' id='word_1_80' title='bbox 881 2867 928 2911; x_wconf 80' lang='grc'><strong>2.</strong></span> <span class='ocrx_word' id='word_1_81' title='bbox 1132 2860 1211 2909; x_wconf 79' lang='lat' dir='ltr'><strong>vt</strong></span> <span class='ocrx_word' id='word_1_82' title='bbox 1271 2861 1391 2909; x_wconf 87' lang='lat' dir='ltr'><strong>Per.</strong></span> <span class='ocrx_word' id='word_1_83' title='bbox 1431 2875 1478 2908; x_wconf 95' lang='lat' dir='ltr'><strong>c.</strong></span> <span class='ocrx_word' id='word_1_84' title='bbox 1514 2874 1631 2923; x_wconf 90' lang='lat' dir='ltr'><strong>cop.</strong></span> <span class='ocrx_word' id='word_1_85' title='bbox 1672 2859 1783 2918; x_wconf 87' lang='grc'><strong>186,</strong></span> <span class='ocrx_word' id='word_1_86' title='bbox 1819 2860 1886 2909; x_wconf 83' lang='grc'><strong>59</strong></span> <span class='ocrx_word' id='word_1_87' title='bbox 1940 2855 2268 2922; x_wconf 82' lang='lat' dir='ltr'><strong>pallorem</strong></span> <span class='ocrx_word' id='word_1_88' title='bbox 2312 2857 2473 2907; x_wconf 80' lang='lat' dir='ltr'><strong>etiam</strong></span> <span class='ocrx_word' id='word_1_89' title='bbox 2518 2864 2731 2909; x_wconf 82' lang='lat' dir='ltr'><strong>veteres</strong></span> <span class='ocrx_word' id='word_1_90' title='bbox 2763 2874 2865 2924; x_wconf 87' lang='lat' dir='ltr'><strong>pro</strong></span> 
     </span>
     <span class='ocr_line' id='line_1_23' title="bbox 577 2925 2867 2993; baseline -0.002 -13"><span class='ocrx_word' id='word_1_91' title='bbox 577 2935 852 2981; x_wconf 86' lang='lat' dir='ltr'><strong>vetustate</strong></span> <span class='ocrx_word' id='word_1_92' title='bbox 888 2934 946 2978; x_wconf 88' lang='lat' dir='ltr'><strong>et</strong></span> <span class='ocrx_word' id='word_1_93' title='bbox 979 2928 1319 2993; x_wconf 76' lang='lat' dir='ltr'><strong>negligentia</strong></span> <span class='ocrx_word' id='word_1_94' title='bbox 1352 2931 1666 2992; x_wconf 87' lang='lat' dir='ltr'><strong>posuerunt.</strong></span> <span class='ocrx_word' id='word_1_95' title='bbox 1735 2925 2059 2976; x_wconf 80' lang='lat' dir='ltr'><strong>Lucilius.</strong></span> <span class='ocrx_word' id='word_1_96' title='bbox 2105 2950 2172 2961; x_wconf 92' lang='lat'>—</span> <span class='ocrx_word' id='word_1_97' title='bbox 2224 2926 2294 2975; x_wconf 86' lang='lat' dir='ltr'><strong>cf.</strong></span> <span class='ocrx_word' id='word_1_98' title='bbox 2333 2925 2469 2975; x_wconf 88' lang='lat' dir='ltr'><strong>Non.</strong></span> <span class='ocrx_word' id='word_1_99' title='bbox 2509 2927 2611 2975; x_wconf 82' lang='grc'><strong>462</strong></span> <span class='ocrx_word' id='word_1_100' title='bbox 2646 2926 2867 2991; x_wconf 85' lang='lat' dir='ltr'><strong>pallo·</strong></span> 
     </span>
     <span class='ocr_line' id='line_1_24' title="bbox 579 2990 2863 3059; baseline -0.002 -12"><span class='ocrx_word' id='word_1_101' title='bbox 579 3013 709 3048; x_wconf 88' lang='lat' dir='ltr'><strong>rem</strong></span> <span class='ocrx_word' id='word_1_102' title='bbox 744 2999 1078 3046; x_wconf 82' lang='lat' dir='ltr'><strong>vetustatem</strong></span> <span class='ocrx_word' id='word_1_103' title='bbox 1113 3000 1184 3045; x_wconf 89' lang='lat' dir='ltr'><strong>et·</strong></span> <span class='ocrx_word' id='word_1_104' title='bbox 1204 2994 1601 3058; x_wconf 80' lang='lat' dir='ltr'><strong>neglegentiam</strong></span> <span class='ocrx_word' id='word_1_105' title='bbox 1637 2992 1948 3043; x_wconf 77' lang='lat' dir='ltr'><strong>Lucilius</strong></span> <span class='ocrx_word' id='word_1_106' title='bbox 1992 2992 2087 3042; x_wconf 92' lang='lat' dir='ltr'><strong>lib.</strong></span> <span class='ocrx_word' id='word_1_107' title='bbox 2123 2990 2282 3041; x_wconf 86' lang='lat' dir='ltr'><strong>XXX</strong></span> <span class='ocrx_word' id='word_1_108' title='bbox 2315 2991 2495 3042; x_wconf 74' lang='lat' dir='ltr'><strong>voluit</strong></span> <span class='ocrx_word' id='word_1_109' title='bbox 2531 2992 2639 3042; x_wconf 86' lang='lat' dir='ltr'><strong>dici</strong></span> <span class='ocrx_word' id='word_1_110' title='bbox 2676 3009 2863 3059; x_wconf 78' lang='lat' dir='ltr'><strong>posse:</strong></span> 
     </span>
     <span class='ocr_line' id='line_1_25' title="bbox 576 3058 2864 3128; baseline -0.002 -14"><span class='ocrx_word' id='word_1_111' title='bbox 576 3064 727 3115; x_wconf 84' lang='lat' dir='ltr'><strong>lanai</strong></span> <span class='ocrx_word' id='word_1_112' title='bbox 764 3078 903 3128; x_wconf 86' lang='lat' dir='ltr'><strong>opus</strong></span> <span class='ocrx_word' id='word_1_113' title='bbox 938 3076 1093 3112; x_wconf 89' lang='lat' dir='ltr'><strong>omne</strong></span> <span class='ocrx_word' id='word_1_114' title='bbox 1126 3063 1288 3127; x_wconf 88' lang='lat' dir='ltr'><strong>perit.</strong></span> <span class='ocrx_word' id='word_1_115' title='bbox 1320 3059 1517 3127; x_wconf 82' lang='lat' dir='ltr'><strong>pallor,</strong></span> <span class='ocrx_word' id='word_1_116' title='bbox 1554 3060 1726 3110; x_wconf 85' lang='lat' dir='ltr'><strong>tiniae</strong></span> <span class='ocrx_word' id='word_1_117' title='bbox 1762 3060 1943 3111; x_wconf 72' lang='lat' dir='ltr'><strong>omnia</strong></span> <span class='ocrx_word' id='word_1_118' title='bbox 1974 3058 2229 3110; x_wconf 79' lang='lat' dir='ltr'><strong>caedunt.</strong></span> <span class='ocrx_word' id='word_1_119' title='bbox 2332 3059 2440 3109; x_wconf 84' lang='lat' dir='ltr'><strong>vn</strong></span> <span class='ocrx_word' id='word_1_120' title='bbox 2495 3059 2624 3112; x_wconf 81' lang='lat' dir='ltr'><strong>Per.</strong></span> <span class='ocrx_word' id='word_1_121' title='bbox 2661 3076 2705 3114; x_wconf 86' lang='lat' dir='ltr'><strong>c.</strong></span> <span class='ocrx_word' id='word_1_122' title='bbox 2744 3076 2864 3126; x_wconf 83' lang='lat' dir='ltr'><strong>cop.</strong></span> 
     </span>
     <span class='ocr_line' id='line_1_26' title="bbox 577 3125 2661 3195; baseline -0.001 -14"><span class='ocrx_word' id='word_1_123' title='bbox 577 3134 704 3194; x_wconf 87' lang='lat'>403,</span> <span class='ocrx_word' id='word_1_124' title='bbox 743 3133 809 3182; x_wconf 84' lang='grc'><strong>53</strong></span> <span class='ocrx_word' id='word_1_125' title='bbox 861 3129 1156 3195; x_wconf 82' lang='lat' dir='ltr'><strong>aliquando</strong></span> <span class='ocrx_word' id='word_1_126' title='bbox 1213 3125 1535 3193; x_wconf 80' lang='lat' dir='ltr'><strong>(torrere)</strong></span> <span class='ocrx_word' id='word_1_127' title='bbox 1590 3143 1688 3191; x_wconf 86' lang='lat' dir='ltr'><strong>pro</strong></span> <span class='ocrx_word' id='word_1_128' title='bbox 1739 3127 2017 3192; x_wconf 84' lang='lat' dir='ltr'><strong>ignescere</strong></span> <span class='ocrx_word' id='word_1_129' title='bbox 2064 3131 2377 3192; x_wconf 85' lang='lat' dir='ltr'><strong>usurpatur.</strong></span> <span class='ocrx_word' id='word_1_130' title='bbox 2446 3126 2661 3179; x_wconf 89' lang='lat' dir='ltr'><strong>Lucil.</strong></span> 
     </span>
    </p>

    <p class='ocr_par' dir='ltr' id='par_1_8' title="bbox 575 3194 2869 4472">
     <span class='ocr_line' id='line_1_27' title="bbox 575 3194 2862 3262; baseline -0.002 -13"><span class='ocrx_word' id='word_1_131' title='bbox 575 3200 712 3250; x_wconf 91' lang='lat' dir='ltr'><strong>VIII</strong></span> <span class='ocrx_word' id='word_1_132' title='bbox 770 3198 1028 3248; x_wconf 75' lang='lat' dir='ltr'><strong>Perottus</strong></span> <span class='ocrx_word' id='word_1_133' title='bbox 1064 3212 1109 3249; x_wconf 93' lang='lat' dir='ltr'><strong>c.</strong></span> <span class='ocrx_word' id='word_1_134' title='bbox 1134 3211 1251 3262; x_wconf 90' lang='lat' dir='ltr'><strong>cop.</strong></span> <span class='ocrx_word' id='word_1_135' title='bbox 1273 3200 1390 3256; x_wconf 78' lang='lat'>430,</span> <span class='ocrx_word' id='word_1_136' title='bbox 1428 3198 1492 3245; x_wconf 85' lang='grc'><strong>52</strong></span> <span class='ocrx_word' id='word_1_137' title='bbox 1529 3195 1599 3244; x_wconf 81' lang='lat' dir='ltr'><strong>ad</strong></span> <span class='ocrx_word' id='word_1_138' title='bbox 1637 3195 1801 3245; x_wconf 78' lang='lat' dir='ltr'><strong>Mart.</strong></span> <span class='ocrx_word' id='word_1_139' title='bbox 1839 3195 2006 3261; x_wconf 79' lang='lat' dir='ltr'><strong>epigr.</strong></span> <span class='ocrx_word' id='word_1_140' title='bbox 2031 3197 2063 3245; x_wconf 83' lang='lat'><strong>3</strong></span> <span class='ocrx_word' id='word_1_141' title='bbox 2097 3194 2391 3260; x_wconf 78' lang='lat' dir='ltr'><strong>aliquando</strong></span> <span class='ocrx_word' id='word_1_142' title='bbox 2430 3194 2677 3259; x_wconf 84' lang='lat' dir='ltr'><strong>(ponitur</strong></span> <span class='ocrx_word' id='word_1_143' title='bbox 2711 3197 2862 3245; x_wconf 88' lang='lat' dir='ltr'><strong>nim·</strong></span> 
     </span>
     <span class='ocr_line' id='line_1_28' title="bbox 580 3261 2865 3332; baseline -0.001 -15"><span class='ocrx_word' id='word_1_144' title='bbox 580 3265 731 3332; x_wconf 87' lang='lat' dir='ltr'><strong>bus)</strong></span> <span class='ocrx_word' id='word_1_145' title='bbox 768 3282 867 3331; x_wconf 88' lang='lat' dir='ltr'><strong>pro</strong></span> <span class='ocrx_word' id='word_1_146' title='bbox 902 3265 1044 3315; x_wconf 88' lang='lat' dir='ltr'><strong>nube</strong></span> <span class='ocrx_word' id='word_1_147' title='bbox 1079 3264 1289 3327; x_wconf 82' lang='lat' dir='ltr'><strong>divina,</strong></span> <span class='ocrx_word' id='word_1_148' title='bbox 1338 3278 1447 3329; x_wconf 83' lang='lat' dir='ltr'><strong>qua</strong></span> <span class='ocrx_word' id='word_1_149' title='bbox 1480 3262 1556 3312; x_wconf 89' lang='lat' dir='ltr'><strong>dii</strong></span> <span class='ocrx_word' id='word_1_150' title='bbox 1592 3263 1774 3312; x_wconf 88' lang='lat' dir='ltr'><strong>solent</strong></span> <span class='ocrx_word' id='word_1_151' title='bbox 1813 3263 1872 3311; x_wconf 91' lang='lat' dir='ltr'><strong>in</strong></span> <span class='ocrx_word' id='word_1_152' title='bbox 1909 3270 2083 3312; x_wconf 83' lang='lat' dir='ltr'><strong>terras</strong></span> <span class='ocrx_word' id='word_1_153' title='bbox 2124 3261 2462 3313; x_wconf 82' lang='lat' dir='ltr'><strong>descendere.</strong></span> <span class='ocrx_word' id='word_1_154' title='bbox 2531 3263 2865 3314; x_wconf 84' lang='lat' dir='ltr'><strong>Lucilius.</strong></span> 
     </span>
     <span class='ocr_line' id='line_1_29' title="bbox 579 3328 2866 3396; baseline -0.002 -12"><span class='ocrx_word' id='word_1_155' title='bbox 579 3360 646 3371; x_wconf 94' lang='lat'>—</span> <span class='ocrx_word' id='word_1_156' title='bbox 681 3335 785 3385; x_wconf 88' lang='lat' dir='ltr'><strong>hoc</strong></span> <span class='ocrx_word' id='word_1_157' title='bbox 828 3338 1086 3393; x_wconf 81' lang='lat' dir='ltr'><strong>metrum,</strong></span> <span class='ocrx_word' id='word_1_158' title='bbox 1131 3331 1187 3380; x_wconf 88' lang='lat' dir='ltr'><strong>in</strong></span> <span class='ocrx_word' id='word_1_159' title='bbox 1237 3347 1342 3396; x_wconf 93' lang='lat' dir='ltr'><strong>quo</strong></span> <span class='ocrx_word' id='word_1_160' title='bbox 1388 3329 1551 3393; x_wconf 84' lang='lat' dir='ltr'><strong>vulgo</strong></span> <span class='ocrx_word' id='word_1_161' title='bbox 1594 3329 1762 3379; x_wconf 78' lang='lat' dir='ltr'><strong>fertur</strong></span> <span class='ocrx_word' id='word_1_162' title='bbox 1804 3328 2097 3380; x_wconf 87' lang='lat' dir='ltr'><strong>coelitus</strong></span> <span class='ocrx_word' id='word_1_163' title='bbox 2146 3335 2201 3380; x_wconf 92' lang='lat' dir='ltr'><strong>et</strong></span> <span class='ocrx_word' id='word_1_164' title='bbox 2245 3330 2530 3394; x_wconf 78' lang='lat' dir='ltr'><strong>Iupiter,</strong></span> <span class='ocrx_word' id='word_1_165' title='bbox 2584 3330 2866 3396; x_wconf 81' lang='lat' dir='ltr'><strong>indignum</strong></span> 
     </span>
     <span class='ocr_line' id='line_1_30' title="bbox 579 3395 2868 3467; baseline -0.001 -17"><span class='ocrx_word' id='word_1_166' title='bbox 579 3416 803 3467; x_wconf 84' lang='lat' dir='ltr'><strong>prorsus</strong></span> <span class='ocrx_word' id='word_1_167' title='bbox 848 3400 1119 3464; x_wconf 80' lang='lat' dir='ltr'><strong>elegantia</strong></span> <span class='ocrx_word' id='word_1_168' title='bbox 1160 3398 1378 3449; x_wconf 88' lang='lat' dir='ltr'><strong>Lucilii.</strong></span> <span class='ocrx_word' id='word_1_169' title='bbox 1432 3423 1497 3432; x_wconf 89' lang='lat'><strong>——-</strong></span> <span class='ocrx_word' id='word_1_170' title='bbox 1550 3398 1803 3448; x_wconf 82' lang='lat' dir='ltr'><strong>videntur</strong></span> <span class='ocrx_word' id='word_1_171' title='bbox 1854 3398 2148 3448; x_wconf 83' lang='lat' dir='ltr'><strong>obversata</strong></span> <span class='ocrx_word' id='word_1_172' title='bbox 2193 3413 2315 3448; x_wconf 90' lang='lat' dir='ltr'><strong>esse</strong></span> <span class='ocrx_word' id='word_1_173' title='bbox 2361 3396 2589 3448; x_wconf 88' lang='lat' dir='ltr'><strong>Perotto</strong></span> <span class='ocrx_word' id='word_1_174' title='bbox 2639 3395 2868 3462; x_wconf 78' lang='lat' dir='ltr'><strong>Vergilii</strong></span> 
     </span>
     <span class='ocr_line' id='line_1_31' title="bbox 580 3462 2867 3531; baseline -0.002 -12"><span class='ocrx_word' id='word_1_175' title='bbox 580 3471 749 3519; x_wconf 80' lang='lat' dir='ltr'><strong>ferme</strong></span> <span class='ocrx_word' id='word_1_176' title='bbox 791 3468 926 3517; x_wconf 87' lang='lat' dir='ltr'><strong>haec</strong></span> <span class='ocrx_word' id='word_1_177' title='bbox 964 3466 1084 3531; x_wconf 91' lang='lat' dir='ltr'><strong>[ecl.</strong></span> <span class='ocrx_word' id='word_1_178' title='bbox 1122 3470 1170 3529; x_wconf 79' lang='lat'><strong>7,</strong></span> <span class='ocrx_word' id='word_1_179' title='bbox 1209 3468 1300 3526; x_wconf 86' lang='grc' dir='ltr'><strong>6ος</strong></span> <span class='ocrx_word' id='word_1_180' title='bbox 1339 3480 1389 3529; x_wconf 85' lang='lat' dir='ltr'><strong>g.</strong></span> <span class='ocrx_word' id='word_1_181' title='bbox 1425 3464 1497 3527; x_wconf 93' lang='grc' dir='ltr'><strong>Π,</strong></span> <span class='ocrx_word' id='word_1_182' title='bbox 1533 3467 1651 3527; x_wconf 87' lang='grc'><strong>325,</strong></span> <span class='ocrx_word' id='word_1_183' title='bbox 1687 3462 1776 3528; x_wconf 85' lang='grc'><strong>26]</strong></span> <span class='ocrx_word' id='word_1_184' title='bbox 1833 3465 2133 3529; x_wconf 89' lang='lat' dir='ltr'><strong>Iuppiter</strong></span> <span class='ocrx_word' id='word_1_185' title='bbox 2169 3471 2234 3515; x_wconf 88' lang='lat' dir='ltr'><strong>et</strong></span> <span class='ocrx_word' id='word_1_186' title='bbox 2281 3464 2463 3514; x_wconf 85' lang='lat' dir='ltr'><strong>laeto</strong></span> <span class='ocrx_word' id='word_1_187' title='bbox 2516 3464 2867 3516; x_wconf 83' lang='lat' dir='ltr'><strong>descendet</strong></span> 
     </span>
     <span class='ocr_line' id='line_1_32' title="bbox 579 3531 2867 3601; baseline -0.001 -15"><span class='ocrx_word' id='word_1_188' title='bbox 579 3535 903 3601; x_wconf 89' lang='lat' dir='ltr'><strong>plurimus</strong></span> <span class='ocrx_word' id='word_1_189' title='bbox 962 3534 1175 3594; x_wconf 82' lang='lat' dir='ltr'><strong>imbri;</strong></span> <span class='ocrx_word' id='word_1_190' title='bbox 1237 3539 1368 3583; x_wconf 87' lang='lat' dir='ltr'><strong>tum</strong></span> <span class='ocrx_word' id='word_1_191' title='bbox 1428 3535 1621 3596; x_wconf 86' lang='lat' dir='ltr'><strong>pater</strong></span> <span class='ocrx_word' id='word_1_192' title='bbox 1680 3534 2101 3597; x_wconf 85' lang='lat' dir='ltr'><strong>omnipotens</strong></span> <span class='ocrx_word' id='word_1_193' title='bbox 2167 3531 2475 3582; x_wconf 78' lang='lat' dir='ltr'><strong>secundis</strong></span> <span class='ocrx_word' id='word_1_194' title='bbox 2543 3533 2867 3585; x_wconf 82' lang='lat' dir='ltr'><strong>imbribus</strong></span> 
     </span>
     <span class='ocr_line' id='line_1_33' title="bbox 579 3598 2866 3666; baseline -0 -14"><span class='ocrx_word' id='word_1_195' title='bbox 579 3603 827 3652; x_wconf 77' lang='lat' dir='ltr'><strong>Aether</strong></span> <span class='ocrx_word' id='word_1_196' title='bbox 864 3603 1173 3665; x_wconf 81' lang='lat' dir='ltr'><strong>coniugis</strong></span> <span class='ocrx_word' id='word_1_197' title='bbox 1209 3602 1275 3651; x_wconf 90' lang='lat' dir='ltr'><strong>in</strong></span> <span class='ocrx_word' id='word_1_198' title='bbox 1320 3601 1643 3664; x_wconf 81' lang='lat' dir='ltr'><strong>gremium</strong></span> <span class='ocrx_word' id='word_1_199' title='bbox 1677 3598 1897 3649; x_wconf 80' lang='lat' dir='ltr'><strong>laetae</strong></span> <span class='ocrx_word' id='word_1_200' title='bbox 1934 3599 2296 3650; x_wconf 88' lang='lat' dir='ltr'><strong>descendit.</strong></span> <span class='ocrx_word' id='word_1_201' title='bbox 2399 3599 2481 3648; x_wconf 88' lang='lat' dir='ltr'><strong>IX</strong></span> <span class='ocrx_word' id='word_1_202' title='bbox 2526 3600 2649 3654; x_wconf 86' lang='lat' dir='ltr'><strong>Per.</strong></span> <span class='ocrx_word' id='word_1_203' title='bbox 2676 3616 2721 3652; x_wconf 91' lang='lat' dir='ltr'><strong>c.</strong></span> <span class='ocrx_word' id='word_1_204' title='bbox 2745 3616 2866 3666; x_wconf 88' lang='lat' dir='ltr'><strong>cop.</strong></span> 
     </span>
     <span class='ocr_line' id='line_1_34' title="bbox 578 3665 2868 3733; baseline -0.001 -13"><span class='ocrx_word' id='word_1_205' title='bbox 578 3671 696 3731; x_wconf 85' lang='grc'><strong>654,</strong></span> <span class='ocrx_word' id='word_1_206' title='bbox 735 3671 797 3719; x_wconf 89' lang='grc'><strong>19</strong></span> <span class='ocrx_word' id='word_1_207' title='bbox 834 3668 1141 3719; x_wconf 85' lang='lat' dir='ltr'><strong>Lucilius</strong></span> <span class='ocrx_word' id='word_1_208' title='bbox 1180 3669 1273 3733; x_wconf 91' lang='lat' dir='ltr'><strong>qui</strong></span> <span class='ocrx_word' id='word_1_209' title='bbox 1308 3699 1373 3708; x_wconf 90' lang='lat'><em>-</em></span> <span class='ocrx_word' id='word_1_210' title='bbox 1412 3666 1711 3727; x_wconf 79' lang='lat' dir='ltr'><strong>exultaS,</strong></span> <span class='ocrx_word' id='word_1_211' title='bbox 1745 3666 1848 3715; x_wconf 88' lang='lat' dir='ltr'><strong>hoc</strong></span> <span class='ocrx_word' id='word_1_212' title='bbox 1884 3670 1967 3716; x_wconf 82' lang='lat' dir='ltr'><strong>est</strong></span> <span class='ocrx_word' id='word_1_213' title='bbox 2001 3667 2257 3717; x_wconf 81' lang='lat' dir='ltr'><strong>iniuriam</strong></span> <span class='ocrx_word' id='word_1_214' title='bbox 2293 3665 2451 3716; x_wconf 80' lang='lat' dir='ltr'><strong>facis.</strong></span> <span class='ocrx_word' id='word_1_215' title='bbox 2513 3694 2569 3704; x_wconf 89' lang='lat'>—</span> <span class='ocrx_word' id='word_1_216' title='bbox 2625 3668 2696 3718; x_wconf 83' lang='lat' dir='ltr'><strong>cf.</strong></span> <span class='ocrx_word' id='word_1_217' title='bbox 2729 3669 2868 3718; x_wconf 84' lang='lat' dir='ltr'><strong>Non.</strong></span> 
     </span>
     <span class='ocr_line' id='line_1_35' title="bbox 580 3733 2869 3799; baseline 0 -13"><span class='ocrx_word' id='word_1_218' title='bbox 580 3739 697 3798; x_wconf 86' lang='lat'>300,</span> <span class='ocrx_word' id='word_1_219' title='bbox 727 3739 820 3795; x_wconf 79' lang='lat'><strong>243</strong></span> <span class='ocrx_word' id='word_1_220' title='bbox 857 3739 972 3798; x_wconf 81' lang='lat'><strong>330,</strong></span> <span class='ocrx_word' id='word_1_221' title='bbox 996 3739 1061 3787; x_wconf 92' lang='grc'><strong>20</strong></span> <span class='ocrx_word' id='word_1_222' title='bbox 1086 3752 1130 3787; x_wconf 88' lang='lat' dir='ltr'><strong>s.</strong></span> <span class='ocrx_word' id='word_1_223' title='bbox 1155 3754 1206 3787; x_wconf 88' lang='lat' dir='ltr'><strong>v.</strong></span> <span class='ocrx_word' id='word_1_224' title='bbox 1243 3733 1549 3785; x_wconf 83' lang='lat' dir='ltr'><strong>exultare</strong></span> <span class='ocrx_word' id='word_1_225' title='bbox 1582 3738 1638 3782; x_wconf 91' lang='lat' dir='ltr'><strong>et</strong></span> <span class='ocrx_word' id='word_1_226' title='bbox 1672 3734 1790 3784; x_wconf 83' lang='lat' dir='ltr'><strong>ins.</strong></span> <span class='ocrx_word' id='word_1_227' title='bbox 1895 3735 1942 3784; x_wconf 91' lang='lat' dir='ltr'><strong>X</strong></span> <span class='ocrx_word' id='word_1_228' title='bbox 2004 3736 2122 3784; x_wconf 87' lang='lat' dir='ltr'><strong>Per.</strong></span> <span class='ocrx_word' id='word_1_229' title='bbox 2149 3750 2192 3784; x_wconf 90' lang='lat' dir='ltr'><strong>c.</strong></span> <span class='ocrx_word' id='word_1_230' title='bbox 2223 3749 2343 3798; x_wconf 89' lang='lat' dir='ltr'><strong>cop.</strong></span> <span class='ocrx_word' id='word_1_231' title='bbox 2368 3736 2497 3799; x_wconf 75' lang='grc'><strong>660,</strong></span> <span class='ocrx_word' id='word_1_232' title='bbox 2514 3737 2581 3785; x_wconf 82' lang='grc'><strong>33</strong></span> <span class='ocrx_word' id='word_1_233' title='bbox 2605 3751 2869 3786; x_wconf 88' lang='lat' dir='ltr'><strong>nonnum-</strong></span> 
     </span>
     <span class='ocr_line' id='line_1_36' title="bbox 582 3800 2869 3869; baseline 0 -17"><span class='ocrx_word' id='word_1_234' title='bbox 582 3818 741 3869; x_wconf 82' lang='lat' dir='ltr'><strong>quam</strong></span> <span class='ocrx_word' id='word_1_235' title='bbox 776 3803 1050 3866; x_wconf 85' lang='lat' dir='ltr'><strong>(tristis)</strong></span> <span class='ocrx_word' id='word_1_236' title='bbox 1089 3818 1187 3867; x_wconf 88' lang='lat' dir='ltr'><strong>pro</strong></span> <span class='ocrx_word' id='word_1_237' title='bbox 1221 3803 1378 3856; x_wconf 82' lang='lat' dir='ltr'><strong>irato,</strong></span> <span class='ocrx_word' id='word_1_238' title='bbox 1451 3800 1777 3852; x_wconf 88' lang='lat' dir='ltr'><strong>Lucilius.</strong></span> <span class='ocrx_word' id='word_1_239' title='bbox 1818 3828 1877 3837; x_wconf 95' lang='lat'><strong>—</strong></span> <span class='ocrx_word' id='word_1_240' title='bbox 1917 3801 1982 3852; x_wconf 80' lang='lat' dir='ltr'><strong>cf.</strong></span> <span class='ocrx_word' id='word_1_241' title='bbox 2020 3819 2106 3868; x_wconf 79' lang='lat' dir='ltr'><strong>ap.</strong></span> <span class='ocrx_word' id='word_1_242' title='bbox 2131 3803 2267 3852; x_wconf 88' lang='lat' dir='ltr'><strong>Non.</strong></span> <span class='ocrx_word' id='word_1_243' title='bbox 2292 3803 2392 3852; x_wconf 77' lang='lat'><strong>409</strong></span> <span class='ocrx_word' id='word_1_244' title='bbox 2428 3801 2466 3852; x_wconf 85' lang='lat' dir='ltr'><strong>l.</strong></span> <span class='ocrx_word' id='word_1_245' title='bbox 2505 3802 2740 3867; x_wconf 83' lang='lat' dir='ltr'><strong>triste,</strong></span> <span class='ocrx_word' id='word_1_246' title='bbox 2775 3803 2869 3853; x_wconf 91' lang='lat' dir='ltr'><strong>ubi</strong></span> 
     </span>
     <span class='ocr_line' id='line_1_37' title="bbox 579 3865 2868 3934; baseline 0 -14"><span class='ocrx_word' id='word_1_247' title='bbox 579 3871 746 3920; x_wconf 82' lang='lat' dir='ltr'><strong>etiam</strong></span> <span class='ocrx_word' id='word_1_248' title='bbox 783 3869 958 3919; x_wconf 88' lang='lat' dir='ltr'><strong>Lucili</strong></span> <span class='ocrx_word' id='word_1_249' title='bbox 995 3870 1257 3934; x_wconf 82' lang='lat' dir='ltr'><strong>quaedam</strong></span> <span class='ocrx_word' id='word_1_250' title='bbox 1292 3875 1437 3933; x_wconf 88' lang='lat' dir='ltr'><strong>sunt,</strong></span> <span class='ocrx_word' id='word_1_251' title='bbox 1474 3868 1673 3934; x_wconf 89' lang='lat' dir='ltr'><strong>quibus</strong></span> <span class='ocrx_word' id='word_1_252' title='bbox 1709 3883 1775 3919; x_wconf 82' lang='lat' dir='ltr'><strong>ex</strong></span> <span class='ocrx_word' id='word_1_253' title='bbox 1801 3876 1958 3934; x_wconf 84' lang='lat' dir='ltr'><strong>parte</strong></span> <span class='ocrx_word' id='word_1_254' title='bbox 1978 3883 2114 3921; x_wconf 85' lang='lat' dir='ltr'><strong>usus</strong></span> <span class='ocrx_word' id='word_1_255' title='bbox 2148 3875 2231 3918; x_wconf 86' lang='lat' dir='ltr'><strong>est</strong></span> <span class='ocrx_word' id='word_1_256' title='bbox 2265 3865 2542 3921; x_wconf 85' lang='lat' dir='ltr'><strong>Perottus.</strong></span> <span class='ocrx_word' id='word_1_257' title='bbox 2599 3871 2680 3921; x_wconf 80' lang='lat' dir='ltr'><strong>ibi</strong></span> <span class='ocrx_word' id='word_1_258' title='bbox 2704 3872 2868 3921; x_wconf 79' lang='lat' dir='ltr'><strong>etiam</strong></span> 
     </span>
     <span class='ocr_line' id='line_1_38' title="bbox 579 3935 2868 4002; baseline 0 -15"><span class='ocrx_word' id='word_1_259' title='bbox 579 3938 717 3987; x_wconf 79' lang='lat' dir='ltr'><strong>haec</strong></span> <span class='ocrx_word' id='word_1_260' title='bbox 741 3936 1019 4000; x_wconf 78' lang='lat' dir='ltr'><strong>leguntur:</strong></span> <span class='ocrx_word' id='word_1_261' title='bbox 1059 3938 1290 3987; x_wconf 81' lang='lat' dir='ltr'><strong>tristis</strong></span> <span class='ocrx_word' id='word_1_262' title='bbox 1314 3938 1488 3988; x_wconf 82' lang='lat' dir='ltr'><strong>iratus</strong></span> <span class='ocrx_word' id='word_1_263' title='bbox 1512 3937 1694 3999; x_wconf 89' lang='lat' dir='ltr'><strong>(immo</strong></span> <span class='ocrx_word' id='word_1_264' title='bbox 1719 3935 2082 4002; x_wconf 78' lang='lat' dir='ltr'><strong>ingratus).</strong></span> <span class='ocrx_word' id='word_1_265' title='bbox 2129 3937 2388 3987; x_wconf 75' lang='lat' dir='ltr'><strong>Afranius</strong></span> <span class='ocrx_word' id='word_1_266' title='bbox 2411 3937 2649 4002; x_wconf 87' lang='lat' dir='ltr'><strong>epistola</strong></span> <span class='ocrx_word' id='word_1_267' title='bbox 2674 3939 2868 3988; x_wconf 79' lang='lat' dir='ltr'><strong>‘iacta-</strong></span> 
     </span>
     <span class='ocr_line' id='line_1_39' title="bbox 578 4003 2869 4069; baseline 0.001 -16"><span class='ocrx_word' id='word_1_268' title='bbox 578 4005 661 4055; x_wconf 82' lang='lat' dir='ltr'><strong>vit</strong></span> <span class='ocrx_word' id='word_1_269' title='bbox 684 4020 815 4058; x_wconf 81' lang='lat' dir='ltr'><strong>sese.</strong></span> <span class='ocrx_word' id='word_1_270' title='bbox 851 4030 917 4039; x_wconf 91' lang='lat'>—</span> <span class='ocrx_word' id='word_1_271' title='bbox 953 4005 1136 4053; x_wconf 71' lang='lat' dir='ltr'><strong>iactet.</strong></span> <span class='ocrx_word' id='word_1_272' title='bbox 1209 4003 1340 4053; x_wconf 89' lang='lat' dir='ltr'><strong>mihi</strong></span> <span class='ocrx_word' id='word_1_273' title='bbox 1362 4005 1465 4054; x_wconf 86' lang='lat' dir='ltr'><strong>erit</strong></span> <span class='ocrx_word' id='word_1_274' title='bbox 1489 4004 1740 4053; x_wconf 86' lang='lat' dir='ltr'><strong>tristior&#39;.</strong></span> <span class='ocrx_word' id='word_1_275' title='bbox 1798 4004 1902 4054; x_wconf 91' lang='lat' dir='ltr'><strong>hoc</strong></span> <span class='ocrx_word' id='word_1_276' title='bbox 1939 4004 2237 4069; x_wconf 82' lang='lat' dir='ltr'><strong>exemplum</strong></span> <span class='ocrx_word' id='word_1_277' title='bbox 2263 4006 2487 4055; x_wconf 87' lang='lat' dir='ltr'><strong>Perotto</strong></span> <span class='ocrx_word' id='word_1_278' title='bbox 2528 4005 2869 4057; x_wconf 74' lang='lat' dir='ltr'><strong>obversatum</strong></span> 
     </span>
     <span class='ocr_line' id='line_1_40' title="bbox 584 4070 2866 4137; baseline 0.001 -16"><span class='ocrx_word' id='word_1_279' title='bbox 584 4087 701 4123; x_wconf 86' lang='lat' dir='ltr'><strong>esse</strong></span> <span class='ocrx_word' id='word_1_280' title='bbox 735 4073 1049 4123; x_wconf 79' lang='lat' dir='ltr'><strong>existimem.</strong></span> <span class='ocrx_word' id='word_1_281' title='bbox 1160 4070 1240 4120; x_wconf 88' lang='lat' dir='ltr'><strong>XI</strong></span> <span class='ocrx_word' id='word_1_282' title='bbox 1296 4071 1551 4122; x_wconf 84' lang='lat' dir='ltr'><strong>Perottus</strong></span> <span class='ocrx_word' id='word_1_283' title='bbox 1588 4086 1632 4120; x_wconf 90' lang='lat' dir='ltr'><strong>c.</strong></span> <span class='ocrx_word' id='word_1_284' title='bbox 1669 4087 1785 4137; x_wconf 88' lang='lat' dir='ltr'><strong>cop.</strong></span> <span class='ocrx_word' id='word_1_285' title='bbox 1822 4074 1939 4134; x_wconf 83' lang='grc'><strong>976,</strong></span> <span class='ocrx_word' id='word_1_286' title='bbox 1977 4074 2044 4122; x_wconf 89' lang='grc'><strong>60</strong></span> <span class='ocrx_word' id='word_1_287' title='bbox 2079 4071 2396 4136; x_wconf 85' lang='lat' dir='ltr'><strong>plangere</strong></span> <span class='ocrx_word' id='word_1_288' title='bbox 2435 4071 2734 4136; x_wconf 84' lang='lat' dir='ltr'><strong>aliquando</strong></span> <span class='ocrx_word' id='word_1_289' title='bbox 2770 4089 2866 4137; x_wconf 87' lang='lat' dir='ltr'><strong>pro</strong></span> 
     </span>
     <span class='ocr_line' id='line_1_41' title="bbox 583 4136 2868 4206; baseline 0 -16"><span class='ocrx_word' id='word_1_290' title='bbox 583 4144 857 4205; x_wconf 85' lang='lat' dir='ltr'><strong>percutere</strong></span> <span class='ocrx_word' id='word_1_291' title='bbox 893 4139 1174 4202; x_wconf 82' lang='lat' dir='ltr'><strong>accipitur.</strong></span> <span class='ocrx_word' id='word_1_292' title='bbox 1244 4136 1435 4188; x_wconf 92' lang='lat' dir='ltr'><strong>Lucil</strong></span> <span class='ocrx_word' id='word_1_293' title='bbox 1499 4165 1564 4173; x_wconf 90' lang='lat'><strong>-—</strong></span> <span class='ocrx_word' id='word_1_294' title='bbox 1603 4138 1671 4188; x_wconf 86' lang='lat' dir='ltr'><strong>cf.</strong></span> <span class='ocrx_word' id='word_1_295' title='bbox 1709 4141 1809 4192; x_wconf 76' lang='lat' dir='ltr'><strong>OV.</strong></span> <span class='ocrx_word' id='word_1_296' title='bbox 1844 4138 1959 4188; x_wconf 84' lang='lat' dir='ltr'><strong>her.</strong></span> <span class='ocrx_word' id='word_1_297' title='bbox 1999 4138 2079 4201; x_wconf 82' lang='grc'><strong>19,</strong></span> <span class='ocrx_word' id='word_1_298' title='bbox 2119 4141 2209 4189; x_wconf 88' lang='grc'><strong>121</strong></span> <span class='ocrx_word' id='word_1_299' title='bbox 2250 4152 2334 4187; x_wconf 89' lang='lat' dir='ltr'><strong>me</strong></span> <span class='ocrx_word' id='word_1_300' title='bbox 2366 4139 2623 4190; x_wconf 86' lang='lat' dir='ltr'><strong>miseram</strong></span> <span class='ocrx_word' id='word_1_301' title='bbox 2663 4147 2868 4206; x_wconf 86' lang='lat' dir='ltr'><strong>quanto</strong></span> 
     </span>
     <span class='ocr_line' id='line_1_42' title="bbox 582 4204 2867 4272; baseline 0.001 -16"><span class='ocrx_word' id='word_1_302' title='bbox 582 4207 916 4272; x_wconf 75' lang='lat' dir='ltr'><strong>planguntur</strong></span> <span class='ocrx_word' id='word_1_303' title='bbox 949 4206 1118 4256; x_wconf 76' lang='lat' dir='ltr'><strong>litora</strong></span> <span class='ocrx_word' id='word_1_304' title='bbox 1150 4205 1338 4256; x_wconf 88' lang='lat' dir='ltr'><strong>fluctu.</strong></span> <span class='ocrx_word' id='word_1_305' title='bbox 1440 4204 1548 4255; x_wconf 87' lang='lat' dir='ltr'><strong>XII</strong></span> <span class='ocrx_word' id='word_1_306' title='bbox 1605 4205 1724 4256; x_wconf 87' lang='lat' dir='ltr'><strong>Per.</strong></span> <span class='ocrx_word' id='word_1_307' title='bbox 1761 4221 1805 4257; x_wconf 86' lang='lat' dir='ltr'><strong>c.</strong></span> <span class='ocrx_word' id='word_1_308' title='bbox 1846 4221 1966 4270; x_wconf 88' lang='lat' dir='ltr'><strong>cop.</strong></span> <span class='ocrx_word' id='word_1_309' title='bbox 2000 4209 2119 4268; x_wconf 90' lang='grc'><strong>995,</strong></span> <span class='ocrx_word' id='word_1_310' title='bbox 2156 4208 2221 4257; x_wconf 88' lang='grc'><strong>36</strong></span> <span class='ocrx_word' id='word_1_311' title='bbox 2257 4206 2322 4255; x_wconf 78' lang='lat' dir='ltr'><strong>ad</strong></span> <span class='ocrx_word' id='word_1_312' title='bbox 2358 4205 2519 4256; x_wconf 75' lang='lat' dir='ltr'><strong>Mart.</strong></span> <span class='ocrx_word' id='word_1_313' title='bbox 2557 4208 2732 4272; x_wconf 80' lang='lat' dir='ltr'><strong>epigr.</strong></span> <span class='ocrx_word' id='word_1_314' title='bbox 2771 4210 2867 4259; x_wconf 79' lang='lat'><strong>138</strong></span> 
     </span>
     <span class='ocr_line' id='line_1_43' title="bbox 583 4272 2867 4338; baseline 0.001 -15"><span class='ocrx_word' id='word_1_315' title='bbox 583 4275 657 4338; x_wconf 86' lang='lat'><strong>(1,</strong></span> <span class='ocrx_word' id='word_1_316' title='bbox 696 4277 841 4337; x_wconf 89' lang='grc'><strong>109),</strong></span> <span class='ocrx_word' id='word_1_317' title='bbox 879 4280 907 4323; x_wconf 73' lang='grc'><strong>2</strong></span> <span class='ocrx_word' id='word_1_318' title='bbox 962 4281 1079 4325; x_wconf 83' lang='lat' dir='ltr'><strong>tum</strong></span> <span class='ocrx_word' id='word_1_319' title='bbox 1129 4273 1187 4322; x_wconf 90' lang='lat' dir='ltr'><strong>in</strong></span> <span class='ocrx_word' id='word_1_320' title='bbox 1242 4272 1677 4323; x_wconf 82' lang='lat' dir='ltr'><strong>reconciliatione</strong></span> <span class='ocrx_word' id='word_1_321' title='bbox 1729 4272 2136 4338; x_wconf 80' lang='lat' dir='ltr'><strong>(columbarum)</strong></span> <span class='ocrx_word' id='word_1_322' title='bbox 2198 4274 2453 4337; x_wconf 76' lang='lat' dir='ltr'><strong>frequens</strong></span> <span class='ocrx_word' id='word_1_323' title='bbox 2507 4273 2867 4326; x_wconf 78' lang='lat' dir='ltr'><strong>exosculatio.</strong></span> 
     </span>
     <span class='ocr_line' id='line_1_44' title="bbox 582 4338 2869 4403; baseline 0.001 -13"><span class='ocrx_word' id='word_1_324' title='bbox 582 4340 901 4393; x_wconf 87' lang='lat' dir='ltr'><strong>Lucilius.</strong></span> <span class='ocrx_word' id='word_1_325' title='bbox 944 4367 1001 4375; x_wconf 81' lang='lat'><strong>-</strong></span> <span class='ocrx_word' id='word_1_326' title='bbox 1041 4339 1109 4390; x_wconf 86' lang='lat' dir='ltr'><strong>cf.</strong></span> <span class='ocrx_word' id='word_1_327' title='bbox 1136 4338 1370 4389; x_wconf 83' lang='lat' dir='ltr'><strong>Gallieni</strong></span> <span class='ocrx_word' id='word_1_328' title='bbox 1403 4355 1596 4392; x_wconf 76' lang='lat' dir='ltr'><strong>versus</strong></span> <span class='ocrx_word' id='word_1_329' title='bbox 1634 4340 1841 4390; x_wconf 83' lang='lat' dir='ltr'><strong>anthol.</strong></span> <span class='ocrx_word' id='word_1_330' title='bbox 1871 4341 1996 4390; x_wconf 76' lang='lat' dir='ltr'><strong>Lat.</strong></span> <span class='ocrx_word' id='word_1_331' title='bbox 2019 4344 2136 4403; x_wconf 87' lang='grc'><strong>232,</strong></span> <span class='ocrx_word' id='word_1_332' title='bbox 2160 4343 2191 4389; x_wconf 91' lang='grc'><strong>2</strong></span> <span class='ocrx_word' id='word_1_333' title='bbox 2229 4356 2337 4390; x_wconf 88' lang='lat' dir='ltr'><strong>non</strong></span> <span class='ocrx_word' id='word_1_334' title='bbox 2374 4355 2650 4392; x_wconf 83' lang='lat' dir='ltr'><strong>murmura</strong></span> <span class='ocrx_word' id='word_1_335' title='bbox 2683 4347 2869 4393; x_wconf 83' lang='lat' dir='ltr'><strong>vestra</strong></span> 
     </span>
     <span class='ocr_line' id='line_1_45' title="bbox 585 4406 2644 4472; baseline 0.002 -15"><span class='ocrx_word' id='word_1_336' title='bbox 585 4407 892 4472; x_wconf 75' lang='lat' dir='ltr'><strong>columbae,</strong></span> <span class='ocrx_word' id='word_1_337' title='bbox 947 4408 1166 4456; x_wconf 79' lang='lat' dir='ltr'><strong>brachia</strong></span> <span class='ocrx_word' id='word_1_338' title='bbox 1223 4423 1331 4457; x_wconf 88' lang='lat' dir='ltr'><strong>non</strong></span> <span class='ocrx_word' id='word_1_339' title='bbox 1383 4406 1636 4471; x_wconf 83' lang='lat' dir='ltr'><strong>hederae,</strong></span> <span class='ocrx_word' id='word_1_340' title='bbox 1704 4424 1812 4457; x_wconf 90' lang='lat' dir='ltr'><strong>non</strong></span> <span class='ocrx_word' id='word_1_341' title='bbox 1865 4408 2087 4458; x_wconf 83' lang='lat' dir='ltr'><strong>vincant</strong></span> <span class='ocrx_word' id='word_1_342' title='bbox 2139 4407 2329 4458; x_wconf 77' lang='lat' dir='ltr'><strong>oscula</strong></span> <span class='ocrx_word' id='word_1_343' title='bbox 2384 4408 2644 4461; x_wconf 78' lang='lat' dir='ltr'><strong>conchae.</strong></span> 
     </span>
    </p>
   </div>
  </div>
 </body>
</html>
