<?xml version="1.0" encoding="UTF-8"?>
<!DOCTYPE html PUBLIC "-//W3C//DTD XHTML 1.0 Transitional//EN"
    "http://www.w3.org/TR/xhtml1/DTD/xhtml1-transitional.dtd">
<html xmlns="http://www.w3.org/1999/xhtml" xml:lang="en" lang="en">
 <head>
  <title>
</title>
<meta http-equiv="Content-Type" content="text/html;charset=utf-8" />
  <meta name='ocr-system' content='tesseract 3.04.00' />
  <meta name='ocr-capabilities' content='ocr_page ocr_carea ocr_par ocr_line ocrx_word'/>
</head>
<body>
  <div class='ocr_page' id='page_1' title='image "./clucilisaturaru00mlgoog_0071.png"; bbox 0 0 3267 5075; ppageno 0'>
   <div class='ocr_carea' id='block_1_1' title="bbox 9 4682 289 5030">
    <p class='ocr_par' dir='ltr' id='par_1_1' title="bbox 9 4682 289 5030">
     <span class='ocr_line' id='line_1_1' title="bbox 9 4682 289 5030; baseline 0 0"><span class='ocrx_word' id='word_1_1' title='bbox 9 4682 289 5030; x_wconf 61' lang='lat' dir='ltr'>h</span> 
     </span>
    </p>
   </div>
   <div class='ocr_carea' id='block_1_2' title="bbox 8 4784 290 5030">
    <p class='ocr_par' dir='ltr' id='par_1_2' title="bbox 8 4784 290 5030">
     <span class='ocr_line' id='line_1_2' title="bbox 8 4784 290 5030; baseline 0 0"><span class='ocrx_word' id='word_1_2' title='bbox 8 4784 9 5030; x_wconf 95' lang='lat' dir='ltr'> </span> <span class='ocrx_word' id='word_1_3' title='bbox 289 4784 290 5030; x_wconf 95' lang='lat' dir='ltr'> </span> 
     </span>
    </p>
   </div>
   <div class='ocr_carea' id='block_1_3' title="bbox 1339 348 2651 410">
    <p class='ocr_par' dir='ltr' id='par_1_3' title="bbox 1339 348 2651 410">
     <span class='ocr_line' id='line_1_3' title="bbox 1339 348 2651 410; baseline 0.002 -3"><span class='ocrx_word' id='word_1_4' title='bbox 1339 351 1558 407; x_wconf 87' lang='lat' dir='ltr'><strong>LIBER</strong></span> <span class='ocrx_word' id='word_1_5' title='bbox 1601 355 1671 409; x_wconf 89' lang='lat' dir='ltr'>H.</span> <span class='ocrx_word' id='word_1_6' title='bbox 2612 348 2651 410; x_wconf 89' lang='grc'>9</span> 
     </span>
    </p>
   </div>
   <div class='ocr_carea' id='block_1_4' title="bbox 395 514 2460 2328">
    <p class='ocr_par' dir='ltr' id='par_1_4' title="bbox 395 514 2460 2328">
     <span class='ocr_line' id='line_1_4' title="bbox 1343 514 1657 598; baseline 0.006 -18"><span class='ocrx_word' id='word_1_7' title='bbox 1343 514 1470 580; x_wconf 92' lang='lat' dir='ltr'>XII</span> <span class='ocrx_word' id='word_1_8' title='bbox 1517 518 1657 598; x_wconf 87' lang='lat'>[18]</span> 
     </span>
     <span class='ocr_line' id='line_1_5' title="bbox 395 631 2229 718; baseline -0.002 -19"><span class='ocrx_word' id='word_1_9' title='bbox 395 633 488 699; x_wconf 84' lang='grc'>20</span> <span class='ocrx_word' id='word_1_10' title='bbox 532 679 799 702; x_wconf 58' lang='lat' dir='ltr'>..cc-c</span> <span class='ocrx_word' id='word_1_11' title='bbox 822 659 918 702; x_wconf 48' lang='grc' dir='ltr'>υς</span> <span class='ocrx_word' id='word_1_12' title='bbox 961 631 1068 696; x_wconf 86' lang='lat' dir='ltr'>vix</span> <span class='ocrx_word' id='word_1_13' title='bbox 1114 631 1259 697; x_wconf 85' lang='lat' dir='ltr'>vivo</span> <span class='ocrx_word' id='word_1_14' title='bbox 1304 631 1553 697; x_wconf 88' lang='lat' dir='ltr'>homini</span> <span class='ocrx_word' id='word_1_15' title='bbox 1599 654 1674 698; x_wconf 88' lang='lat' dir='ltr'>ac</span> <span class='ocrx_word' id='word_1_16' title='bbox 1718 652 2229 718; x_wconf 87' lang='lat' dir='ltr'>monogrammo.</span> 
     </span>
     <span class='ocr_line' id='line_1_6' title="bbox 1352 790 1655 874; baseline 0 0"><span class='ocrx_word' id='word_1_17' title='bbox 1352 790 1512 855; x_wconf 85' lang='lat' dir='ltr'>XIII</span> <span class='ocrx_word' id='word_1_18' title='bbox 1558 793 1655 874; x_wconf 87' lang='lat'>[9]</span> 
     </span>
     <span class='ocr_line' id='line_1_7' title="bbox 538 907 2460 1011; baseline -0.002 -38"><span class='ocrx_word' id='word_1_19' title='bbox 538 909 594 974; x_wconf 88' lang='lat' dir='ltr'>si</span> <span class='ocrx_word' id='word_1_20' title='bbox 639 908 901 973; x_wconf 78' lang='lat' dir='ltr'>natibus</span> <span class='ocrx_word' id='word_1_21' title='bbox 947 907 1259 971; x_wconf 76' lang='lat' dir='ltr'>natricem</span> <span class='ocrx_word' id='word_1_22' title='bbox 1305 908 1609 993; x_wconf 78' lang='lat' dir='ltr'>inpressit</span> <span class='ocrx_word' id='word_1_23' title='bbox 1654 931 1936 975; x_wconf 82' lang='lat' dir='ltr'>crassam</span> <span class='ocrx_word' id='word_1_24' title='bbox 1984 910 2053 971; x_wconf 79' lang='lat' dir='ltr'>et</span> <span class='ocrx_word' id='word_1_25' title='bbox 2094 907 2460 1011; x_wconf 74' lang='lat' dir='ltr'>capitatam.</span> 
     </span>
     <span class='ocr_line' id='line_1_8' title="bbox 1352 1067 1727 1152; baseline 0.011 -21"><span class='ocrx_word' id='word_1_26' title='bbox 1352 1067 1508 1133; x_wconf 91' lang='lat' dir='ltr'>XIV</span> <span class='ocrx_word' id='word_1_27' title='bbox 1556 1070 1653 1152; x_wconf 83' lang='lat'>[6]</span> <span class='ocrx_word' id='word_1_28' title='bbox 1715 1072 1727 1092; x_wconf 72' lang='lat'>⁸</span> 
     </span>
     <span class='ocr_line' id='line_1_9' title="bbox 538 1182 2268 1271; baseline -0.002 -20"><span class='ocrx_word' id='word_1_29' title='bbox 538 1230 637 1251; x_wconf 54' lang='grc' dir='ltr'>..υ</span> <span class='ocrx_word' id='word_1_30' title='bbox 658 1229 695 1249; x_wconf 59' lang='grc' dir='ltr'><em>υ</em></span> <span class='ocrx_word' id='word_1_31' title='bbox 713 1238 751 1249; x_wconf 85' lang='grc'>-</span> <span class='ocrx_word' id='word_1_32' title='bbox 816 1204 1053 1269; x_wconf 85' lang='lat' dir='ltr'>quaeso</span> <span class='ocrx_word' id='word_1_33' title='bbox 1099 1205 1272 1249; x_wconf 89' lang='lat' dir='ltr'>nunc</span> <span class='ocrx_word' id='word_1_34' title='bbox 1316 1182 1665 1250; x_wconf 88' lang='lat' dir='ltr'>Aemilium</span> <span class='ocrx_word' id='word_1_35' title='bbox 1713 1186 1903 1271; x_wconf 72' lang='lat' dir='ltr'>atque</span> <span class='ocrx_word' id='word_1_36' title='bbox 1948 1182 2268 1269; x_wconf 87' lang='lat' dir='ltr'>precando</span> 
     </span>
     <span class='ocr_line' id='line_1_10' title="bbox 536 1302 1724 1388; baseline 0.002 -21"><span class='ocrx_word' id='word_1_37' title='bbox 536 1303 724 1388; x_wconf 84' lang='lat' dir='ltr'>exigo</span> <span class='ocrx_word' id='word_1_38' title='bbox 769 1304 836 1368; x_wconf 79' lang='lat' dir='ltr'>et</span> <span class='ocrx_word' id='word_1_39' title='bbox 880 1302 1149 1367; x_wconf 77' lang='lat' dir='ltr'>excanto</span> <span class='ocrx_word' id='word_1_40' title='bbox 1194 1348 1724 1370; x_wconf 54' lang='grc' dir='ltr'><strong>υυυυυυυυυυ</strong></span> 
     </span>
     <span class='ocr_line' id='line_1_11' title="bbox 1354 1415 1786 1523; baseline 0.005 -19"><span class='ocrx_word' id='word_1_41' title='bbox 1354 1439 1477 1505; x_wconf 84' lang='lat' dir='ltr'>xv</span> <span class='ocrx_word' id='word_1_42' title='bbox 1525 1415 1665 1523; x_wconf 84' lang='lat'>[17]</span> <span class='ocrx_word' id='word_1_43' title='bbox 1771 1424 1786 1431; x_wconf 84' lang='grc'>’</span> 
     </span>
     <span class='ocr_line' id='line_1_12' title="bbox 534 1558 2002 1644; baseline -0.002 -20"><span class='ocrx_word' id='word_1_44' title='bbox 534 1607 858 1630; x_wconf 63' lang='lat'>„„„„„„</span> <span class='ocrx_word' id='word_1_45' title='bbox 903 1560 973 1623; x_wconf 87' lang='lat' dir='ltr'>in</span> <span class='ocrx_word' id='word_1_46' title='bbox 1017 1558 1282 1644; x_wconf 88' lang='lat' dir='ltr'>bulgam</span> <span class='ocrx_word' id='word_1_47' title='bbox 1327 1560 1663 1641; x_wconf 79' lang='lat' dir='ltr'>penetrare</span> <span class='ocrx_word' id='word_1_48' title='bbox 1709 1558 2002 1642; x_wconf 87' lang='lat' dir='ltr'>pilosam.</span> 
     </span>
     <span class='ocr_line' id='line_1_13' title="bbox 1091 1707 1679 1816; baseline 0 -43"><span class='ocrx_word' id='word_1_49' title='bbox 1091 1802 1098 1816; x_wconf 24' lang='grc' dir='ltr'>ι</span> <span class='ocrx_word' id='word_1_50' title='bbox 1335 1707 1491 1773; x_wconf 92' lang='lat' dir='ltr'>XVI</span> <span class='ocrx_word' id='word_1_51' title='bbox 1538 1710 1679 1791; x_wconf 90' lang='lat'><strong>[14]</strong></span> 
     </span>
     <span class='ocr_line' id='line_1_14' title="bbox 399 1823 2264 1912; baseline -0.002 -22"><span class='ocrx_word' id='word_1_52' title='bbox 399 1825 494 1890; x_wconf 82' lang='lat'>25</span> <span class='ocrx_word' id='word_1_53' title='bbox 541 1825 695 1909; x_wconf 86' lang='lat' dir='ltr'>quid</span> <span class='ocrx_word' id='word_1_54' title='bbox 740 1824 942 1904; x_wconf 75' lang='lat' dir='ltr'>dicis?</span> <span class='ocrx_word' id='word_1_55' title='bbox 991 1847 1104 1890; x_wconf 87' lang='lat' dir='ltr'>cur</span> <span class='ocrx_word' id='word_1_56' title='bbox 1149 1827 1249 1889; x_wconf 79' lang='lat' dir='ltr'>est</span> <span class='ocrx_word' id='word_1_57' title='bbox 1292 1824 1553 1909; x_wconf 84' lang='lat' dir='ltr'>factum,</span> <span class='ocrx_word' id='word_1_58' title='bbox 1598 1825 1770 1912; x_wconf 88' lang='lat' dir='ltr'>quod</span> <span class='ocrx_word' id='word_1_59' title='bbox 1816 1825 2008 1892; x_wconf 89' lang='lat' dir='ltr'>coicis</span> <span class='ocrx_word' id='word_1_60' title='bbox 2053 1823 2264 1888; x_wconf 70' lang='lat' dir='ltr'>istuc?</span> 
     </span>
     <span class='ocr_line' id='line_1_15' title="bbox 1319 1974 1695 2059; baseline 0.003 -19"><span class='ocrx_word' id='word_1_61' title='bbox 1319 1974 1508 2041; x_wconf 92' lang='lat' dir='ltr'>XVII</span> <span class='ocrx_word' id='word_1_62' title='bbox 1556 1978 1695 2059; x_wconf 89' lang='lat'><strong>[13]</strong></span> 
     </span>
     <span class='ocr_line' id='line_1_16' title="bbox 538 2092 2027 2180; baseline -0.001 -20"><span class='ocrx_word' id='word_1_63' title='bbox 538 2092 854 2180; x_wconf 76' lang='lat' dir='ltr'>chirodyti</span> <span class='ocrx_word' id='word_1_64' title='bbox 900 2094 1134 2179; x_wconf 84' lang='lat' dir='ltr'>aurati,</span> <span class='ocrx_word' id='word_1_65' title='bbox 1180 2093 1376 2176; x_wconf 87' lang='lat' dir='ltr'>ricae,</span> <span class='ocrx_word' id='word_1_66' title='bbox 1420 2092 1735 2177; x_wconf 81' lang='lat' dir='ltr'>thoracia,</span> <span class='ocrx_word' id='word_1_67' title='bbox 1782 2093 2027 2159; x_wconf 79' lang='lat' dir='ltr'>mitrae.</span> 
     </span>
     <span class='ocr_line' id='line_1_17' title="bbox 1219 2242 1783 2328; baseline 0.002 -20"><span class='ocrx_word' id='word_1_68' title='bbox 1219 2242 1441 2308; x_wconf 93' lang='lat' dir='ltr'>XVIII</span> <span class='ocrx_word' id='word_1_69' title='bbox 1487 2242 1624 2328; x_wconf 72' lang='lat' dir='ltr'>[XL</span> <span class='ocrx_word' id='word_1_70' title='bbox 1676 2245 1783 2326; x_wconf 91' lang='grc'>12]</span> 
     </span>
    </p>
   </div>
   <div class='ocr_carea' id='block_1_5' title="bbox 537 2360 2660 2447">
    <p class='ocr_par' dir='ltr' id='par_1_5' title="bbox 537 2360 2660 2447">
     <span class='ocr_line' id='line_1_18' title="bbox 537 2360 2660 2447; baseline 0 -20"><span class='ocrx_word' id='word_1_71' title='bbox 537 2383 674 2427; x_wconf 85' lang='lat' dir='ltr'>non</span> <span class='ocrx_word' id='word_1_72' title='bbox 699 2361 959 2427; x_wconf 88' lang='lat' dir='ltr'>laudare</span> <span class='ocrx_word' id='word_1_73' title='bbox 986 2360 1315 2426; x_wconf 88' lang='lat' dir='ltr'>hominem</span> <span class='ocrx_word' id='word_1_74' title='bbox 1344 2382 1730 2447; x_wconf 87' lang='lat' dir='ltr'>quemquam</span> <span class='ocrx_word' id='word_1_75' title='bbox 1757 2382 1963 2447; x_wconf 89' lang='lat' dir='ltr'>neque</span> <span class='ocrx_word' id='word_1_76' title='bbox 1992 2384 2102 2426; x_wconf 92' lang='lat' dir='ltr'>mu</span> <span class='ocrx_word' id='word_1_77' title='bbox 2129 2361 2337 2426; x_wconf 83' lang='lat' dir='ltr'>facere</span> <span class='ocrx_word' id='word_1_78' title='bbox 2357 2362 2426 2426; x_wconf 90' lang='lat' dir='ltr'>in</span> <span class='ocrx_word' id='word_1_79' title='bbox 2452 2383 2660 2446; x_wconf 90' lang='lat' dir='ltr'>quem.</span> 
     </span>
    </p>
   </div>
   <div class='ocr_carea' id='block_1_6' title="bbox 354 2611 2667 3357">
    <p class='ocr_par' dir='ltr' id='par_1_6' title="bbox 354 2611 2667 3015">
     <span class='ocr_line' id='line_1_19' title="bbox 354 2611 2658 2677; baseline -0.001 -14"><span class='ocrx_word' id='word_1_80' title='bbox 354 2612 667 2663; x_wconf 83' lang='lat' dir='ltr'>Lucilius</span> <span class='ocrx_word' id='word_1_81' title='bbox 694 2617 1000 2675; x_wconf 83' lang='lat' dir='ltr'>satyrarum</span> <span class='ocrx_word' id='word_1_82' title='bbox 1025 2611 1119 2662; x_wconf 91' lang='lat' dir='ltr'>lib.</span> <span class='ocrx_word' id='word_1_83' title='bbox 1137 2611 1195 2661; x_wconf 89' lang='lat'>11</span> <span class='ocrx_word' id='word_1_84' title='bbox 1229 2616 1437 2676; x_wconf 88' lang='lat' dir='ltr'>pestem</span> <span class='ocrx_word' id='word_1_85' title='bbox 1466 2625 1510 2660; x_wconf 91' lang='lat' dir='ltr'>e.</span> <span class='ocrx_word' id='word_1_86' title='bbox 1534 2627 1584 2677; x_wconf 90' lang='lat' dir='ltr'>q.</span> <span class='ocrx_word' id='word_1_87' title='bbox 1611 2628 1654 2662; x_wconf 75' lang='lat' dir='ltr'>s·</span> <span class='ocrx_word' id='word_1_88' title='bbox 1743 2611 1851 2663; x_wconf 82' lang='grc' dir='ltr'>ΧΠ</span> <span class='ocrx_word' id='word_1_89' title='bbox 1887 2611 2026 2661; x_wconf 87' lang='lat' dir='ltr'>Non.</span> <span class='ocrx_word' id='word_1_90' title='bbox 2046 2613 2128 2672; x_wconf 81' lang='lat'>37,</span> <span class='ocrx_word' id='word_1_91' title='bbox 2150 2613 2207 2661; x_wconf 93' lang='lat'>11</span> <span class='ocrx_word' id='word_1_92' title='bbox 2231 2613 2658 2677; x_wconf 84' lang='lat' dir='ltr'>mongrammi</span> 
     </span>
     <span class='ocr_line' id='line_1_20' title="bbox 358 2678 2665 2746; baseline -0.001 -16"><span class='ocrx_word' id='word_1_93' title='bbox 358 2679 426 2742; x_wconf 95' lang='lat' dir='ltr'>(o</span> <span class='ocrx_word' id='word_1_94' title='bbox 440 2680 811 2746; x_wconf 83' lang='lat' dir='ltr'>nogrammi</span> <span class='ocrx_word' id='word_1_95' title='bbox 869 2679 936 2741; x_wconf 87' lang='lat' dir='ltr'>G)</span> <span class='ocrx_word' id='word_1_96' title='bbox 999 2680 1135 2729; x_wconf 87' lang='lat' dir='ltr'>dicti</span> <span class='ocrx_word' id='word_1_97' title='bbox 1187 2684 1315 2730; x_wconf 89' lang='lat' dir='ltr'>sunt</span> <span class='ocrx_word' id='word_1_98' title='bbox 1366 2679 1608 2729; x_wconf 85' lang='lat' dir='ltr'>homines</span> <span class='ocrx_word' id='word_1_99' title='bbox 1661 2681 1833 2729; x_wconf 89' lang='lat' dir='ltr'>macie</span> <span class='ocrx_word' id='word_1_100' title='bbox 1892 2684 2176 2744; x_wconf 79' lang='lat' dir='ltr'>pertenues</span> <span class='ocrx_word' id='word_1_101' title='bbox 2234 2694 2299 2729; x_wconf 84' lang='lat' dir='ltr'>ac</span> <span class='ocrx_word' id='word_1_102' title='bbox 2354 2678 2633 2729; x_wconf 87' lang='lat' dir='ltr'>decolores</span> <span class='ocrx_word' id='word_1_103' title='bbox 2651 2694 2665 2739; x_wconf 86' lang='lat'>;</span> 
     </span>
     <span class='ocr_line' id='line_1_21' title="bbox 358 2746 2667 2813; baseline -0.001 -15"><span class='ocrx_word' id='word_1_104' title='bbox 358 2752 597 2799; x_wconf 86' lang='lat' dir='ltr'>tractum</span> <span class='ocrx_word' id='word_1_105' title='bbox 632 2763 667 2797; x_wconf 87' lang='lat' dir='ltr'>a</span> <span class='ocrx_word' id='word_1_106' title='bbox 700 2748 932 2812; x_wconf 82' lang='lat' dir='ltr'>pictura,</span> <span class='ocrx_word' id='word_1_107' title='bbox 972 2762 1110 2813; x_wconf 89' lang='lat' dir='ltr'>quae</span> <span class='ocrx_word' id='word_1_108' title='bbox 1151 2748 1303 2812; x_wconf 88' lang='lat' dir='ltr'>prius</span> <span class='ocrx_word' id='word_1_109' title='bbox 1339 2762 1499 2811; x_wconf 84' lang='lat' dir='ltr'>quam</span> <span class='ocrx_word' id='word_1_110' title='bbox 1533 2747 1808 2798; x_wconf 83' lang='lat' dir='ltr'>coloribus</span> <span class='ocrx_word' id='word_1_111' title='bbox 1840 2749 2157 2812; x_wconf 76' lang='lat' dir='ltr'>corporatur</span> <span class='ocrx_word' id='word_1_112' title='bbox 2192 2746 2380 2797; x_wconf 87' lang='lat' dir='ltr'>umbra</span> <span class='ocrx_word' id='word_1_113' title='bbox 2415 2746 2667 2810; x_wconf 86' lang='lat' dir='ltr'>fingitur.</span> 
     </span>
     <span class='ocr_line' id='line_1_22' title="bbox 356 2814 2661 2879; baseline -0 -12"><span class='ocrx_word' id='word_1_114' title='bbox 356 2816 670 2867; x_wconf 80' lang='lat' dir='ltr'>Lucilius</span> <span class='ocrx_word' id='word_1_115' title='bbox 704 2815 795 2868; x_wconf 91' lang='lat' dir='ltr'>lib.</span> <span class='ocrx_word' id='word_1_116' title='bbox 819 2814 893 2865; x_wconf 91' lang='grc' dir='ltr'>ΙΙ.</span> <span class='ocrx_word' id='word_1_117' title='bbox 996 2814 1134 2866; x_wconf 87' lang='lat' dir='ltr'>XIII</span> <span class='ocrx_word' id='word_1_118' title='bbox 1178 2816 1317 2865; x_wconf 89' lang='lat' dir='ltr'>Non.</span> <span class='ocrx_word' id='word_1_119' title='bbox 1342 2817 1423 2877; x_wconf 79' lang='lat'>65,</span> <span class='ocrx_word' id='word_1_120' title='bbox 1448 2817 1514 2866; x_wconf 82' lang='grc'>27</span> <span class='ocrx_word' id='word_1_121' title='bbox 1551 2816 1845 2867; x_wconf 84' lang='lat' dir='ltr'>natrices</span> <span class='ocrx_word' id='word_1_122' title='bbox 1877 2815 2132 2865; x_wconf 88' lang='lat' dir='ltr'>dicuntur</span> <span class='ocrx_word' id='word_1_123' title='bbox 2152 2828 2357 2879; x_wconf 77' lang='lat' dir='ltr'>angues</span> <span class='ocrx_word' id='word_1_124' title='bbox 2382 2819 2661 2866; x_wconf 76' lang='lat' dir='ltr'>natantes,</span> 
     </span>
     <span class='ocr_line' id='line_1_23' title="bbox 355 2881 2664 2947; baseline -0.002 -12"><span class='ocrx_word' id='word_1_125' title='bbox 355 2885 556 2935; x_wconf 86' lang='lat' dir='ltr'>Cicero</span> <span class='ocrx_word' id='word_1_126' title='bbox 577 2911 638 2919; x_wconf 89' lang='lat'>—</span> <span class='ocrx_word' id='word_1_127' title='bbox 664 2883 967 2934; x_wconf 83' lang='lat' dir='ltr'>Lucilius</span> <span class='ocrx_word' id='word_1_128' title='bbox 994 2888 1299 2946; x_wconf 82' lang='lat' dir='ltr'>satyrarum</span> <span class='ocrx_word' id='word_1_129' title='bbox 1322 2881 1417 2933; x_wconf 91' lang='lat' dir='ltr'>lib.</span> <span class='ocrx_word' id='word_1_130' title='bbox 1438 2883 1511 2932; x_wconf 89' lang='lat'>11.</span> <span class='ocrx_word' id='word_1_131' title='bbox 1591 2882 1722 2932; x_wconf 89' lang='lat' dir='ltr'>XIV</span> <span class='ocrx_word' id='word_1_132' title='bbox 1755 2883 1895 2933; x_wconf 88' lang='lat' dir='ltr'>Non.</span> <span class='ocrx_word' id='word_1_133' title='bbox 1917 2884 2032 2945; x_wconf 84' lang='lat'>102,</span> <span class='ocrx_word' id='word_1_134' title='bbox 2053 2886 2083 2934; x_wconf 80' lang='lat'><strong>7</strong></span> <span class='ocrx_word' id='word_1_135' title='bbox 2110 2887 2467 2932; x_wconf 80' lang='lat' dir='ltr'>excantare</span> <span class='ocrx_word' id='word_1_136' title='bbox 2492 2882 2664 2947; x_wconf 82' lang='lat' dir='ltr'>signi-</span> 
     </span>
     <span class='ocr_line' id='line_1_24' title="bbox 356 2947 2657 3015; baseline -0.001 -13"><span class='ocrx_word' id='word_1_137' title='bbox 356 2951 491 3003; x_wconf 85' lang='lat' dir='ltr'>ficat</span> <span class='ocrx_word' id='word_1_138' title='bbox 516 2952 813 3002; x_wconf 84' lang='lat' dir='ltr'>extundere</span> <span class='ocrx_word' id='word_1_139' title='bbox 839 2950 979 3011; x_wconf 85' lang='lat' dir='ltr'>(cdd.</span> <span class='ocrx_word' id='word_1_140' title='bbox 1006 2966 1080 3001; x_wconf 86' lang='lat' dir='ltr'>ex</span> <span class='ocrx_word' id='word_1_141' title='bbox 1095 2947 1418 3015; x_wconf 85' lang='lat' dir='ltr'>cludere).</span> <span class='ocrx_word' id='word_1_142' title='bbox 1466 2949 1699 3001; x_wconf 87' lang='lat' dir='ltr'>Plautus</span> <span class='ocrx_word' id='word_1_143' title='bbox 1721 2978 1779 2986; x_wconf 97' lang='lat'>—</span> <span class='ocrx_word' id='word_1_144' title='bbox 1802 2949 2110 3001; x_wconf 85' lang='lat' dir='ltr'>Lucilius</span> <span class='ocrx_word' id='word_1_145' title='bbox 2136 2955 2443 3013; x_wconf 82' lang='lat' dir='ltr'>satyrarum</span> <span class='ocrx_word' id='word_1_146' title='bbox 2466 2950 2559 3000; x_wconf 88' lang='lat' dir='ltr'>lib.</span> <span class='ocrx_word' id='word_1_147' title='bbox 2588 2950 2657 3000; x_wconf 90' lang='lat'>11.</span> 
     </span>
    </p>

    <p class='ocr_par' dir='ltr' id='par_1_7' title="bbox 357 3017 2660 3357">
     <span class='ocr_line' id='line_1_25' title="bbox 452 3017 2659 3083; baseline -0 -16"><span class='ocrx_word' id='word_1_148' title='bbox 452 3018 551 3068; x_wconf 87' lang='lat' dir='ltr'>XV</span> <span class='ocrx_word' id='word_1_149' title='bbox 590 3019 803 3071; x_wconf 82' lang='lat' dir='ltr'>Nonius</span> <span class='ocrx_word' id='word_1_150' title='bbox 832 3021 944 3081; x_wconf 71' lang='lat'>187,</span> <span class='ocrx_word' id='word_1_151' title='bbox 973 3020 1034 3070; x_wconf 88' lang='grc'>18</span> <span class='ocrx_word' id='word_1_152' title='bbox 1070 3018 1270 3083; x_wconf 87' lang='lat' dir='ltr'>vulga</span> <span class='ocrx_word' id='word_1_153' title='bbox 1296 3018 1580 3083; x_wconf 84' lang='lat' dir='ltr'>capacitas</span> <span class='ocrx_word' id='word_1_154' title='bbox 1603 3019 1690 3069; x_wconf 84' lang='lat' dir='ltr'>vel</span> <span class='ocrx_word' id='word_1_155' title='bbox 1717 3019 1871 3070; x_wconf 84' lang='lat' dir='ltr'>sinus</span> <span class='ocrx_word' id='word_1_156' title='bbox 1896 3033 2016 3069; x_wconf 85' lang='lat' dir='ltr'>cum</span> <span class='ocrx_word' id='word_1_157' title='bbox 2051 3017 2297 3069; x_wconf 87' lang='lat' dir='ltr'>laxitate.</span> <span class='ocrx_word' id='word_1_158' title='bbox 2354 3018 2659 3069; x_wconf 86' lang='lat' dir='ltr'>Lucilius</span> 
     </span>
     <span class='ocr_line' id='line_1_26' title="bbox 357 3084 2659 3148; baseline -0.001 -10"><span class='ocrx_word' id='word_1_159' title='bbox 357 3087 456 3143; x_wconf 81' lang='lat' dir='ltr'>lib.</span> <span class='ocrx_word' id='word_1_160' title='bbox 482 3087 554 3136; x_wconf 92' lang='lat'>11.</span> <span class='ocrx_word' id='word_1_161' title='bbox 659 3087 788 3138; x_wconf 89' lang='lat' dir='ltr'>XVI</span> <span class='ocrx_word' id='word_1_162' title='bbox 823 3088 962 3137; x_wconf 89' lang='lat' dir='ltr'>Non.</span> <span class='ocrx_word' id='word_1_163' title='bbox 988 3088 1103 3148; x_wconf 84' lang='lat'><strong><em>268,</em></strong></span> <span class='ocrx_word' id='word_1_164' title='bbox 1129 3090 1160 3136; x_wconf 84' lang='lat'>2</span> <span class='ocrx_word' id='word_1_165' title='bbox 1199 3088 1458 3136; x_wconf 88' lang='lat' dir='ltr'>coicere</span> <span class='ocrx_word' id='word_1_166' title='bbox 1493 3084 1664 3136; x_wconf 85' lang='lat' dir='ltr'>furari</span> <span class='ocrx_word' id='word_1_167' title='bbox 1688 3086 1911 3139; x_wconf 84' lang='lat' dir='ltr'>auferre.</span> <span class='ocrx_word' id='word_1_168' title='bbox 1969 3085 2231 3137; x_wconf 74' lang='lat' dir='ltr'>Afranius</span> <span class='ocrx_word' id='word_1_169' title='bbox 2256 3113 2322 3122; x_wconf 92' lang='lat'>-·</span> <span class='ocrx_word' id='word_1_170' title='bbox 2346 3084 2659 3135; x_wconf 88' lang='lat' dir='ltr'>Lucilius</span> 
     </span>
     <span class='ocr_line' id='line_1_27' title="bbox 357 3152 2660 3220; baseline -0.001 -15"><span class='ocrx_word' id='word_1_171' title='bbox 357 3154 494 3214; x_wconf 76' lang='lat' dir='ltr'>(Lct</span> <span class='ocrx_word' id='word_1_172' title='bbox 517 3153 586 3219; x_wconf 89' lang='lat' dir='ltr'>B)</span> <span class='ocrx_word' id='word_1_173' title='bbox 624 3153 715 3205; x_wconf 92' lang='lat' dir='ltr'>lib.</span> <span class='ocrx_word' id='word_1_174' title='bbox 744 3155 817 3206; x_wconf 90' lang='lat'>11.</span> <span class='ocrx_word' id='word_1_175' title='bbox 927 3154 1086 3205; x_wconf 90' lang='lat' dir='ltr'>XVII</span> <span class='ocrx_word' id='word_1_176' title='bbox 1127 3156 1267 3206; x_wconf 89' lang='lat' dir='ltr'>Non.</span> <span class='ocrx_word' id='word_1_177' title='bbox 1298 3156 1414 3216; x_wconf 84' lang='lat'><strong><em>539,</em></strong></span> <span class='ocrx_word' id='word_1_178' title='bbox 1449 3157 1509 3204; x_wconf 86' lang='lat'>17</span> <span class='ocrx_word' id='word_1_179' title='bbox 1549 3154 1691 3203; x_wconf 89' lang='lat' dir='ltr'>rica</span> <span class='ocrx_word' id='word_1_180' title='bbox 1715 3157 1798 3206; x_wconf 59' lang='lat' dir='ltr'>ed.</span> <span class='ocrx_word' id='word_1_181' title='bbox 1826 3153 1969 3220; x_wconf 87' lang='lat' dir='ltr'>quod</span> <span class='ocrx_word' id='word_1_182' title='bbox 1992 3169 2095 3204; x_wconf 90' lang='lat' dir='ltr'>nos</span> <span class='ocrx_word' id='word_1_183' title='bbox 2120 3153 2395 3205; x_wconf 85' lang='lat' dir='ltr'>sudarium</span> <span class='ocrx_word' id='word_1_184' title='bbox 2418 3152 2660 3203; x_wconf 82' lang='lat' dir='ltr'>dicimus.</span> 
     </span>
     <span class='ocr_line' id='line_1_28' title="bbox 357 3219 2658 3288; baseline -0.002 -14"><span class='ocrx_word' id='word_1_185' title='bbox 357 3222 599 3275; x_wconf 82' lang='lat' dir='ltr'>Plautus</span> <span class='ocrx_word' id='word_1_186' title='bbox 619 3249 682 3258; x_wconf 89' lang='lat'>—</span> <span class='ocrx_word' id='word_1_187' title='bbox 703 3221 937 3274; x_wconf 82' lang='lat' dir='ltr'>Serenus</span> <span class='ocrx_word' id='word_1_188' title='bbox 955 3248 1022 3258; x_wconf 91' lang='lat'><em>-</em></span> <span class='ocrx_word' id='word_1_189' title='bbox 1042 3222 1252 3273; x_wconf 83' lang='lat' dir='ltr'>Novius</span> <span class='ocrx_word' id='word_1_190' title='bbox 1271 3248 1336 3257; x_wconf 90' lang='lat'>——</span> <span class='ocrx_word' id='word_1_191' title='bbox 1356 3221 1544 3272; x_wconf 89' lang='lat' dir='ltr'>Lucil</span> <span class='ocrx_word' id='word_1_192' title='bbox 1558 3222 1661 3271; x_wconf 87' lang='lat' dir='ltr'>ius</span> <span class='ocrx_word' id='word_1_193' title='bbox 1688 3227 1997 3288; x_wconf 85' lang='lat' dir='ltr'>satyrarum</span> <span class='ocrx_word' id='word_1_194' title='bbox 2020 3220 2112 3271; x_wconf 90' lang='lat' dir='ltr'>lib.</span> <span class='ocrx_word' id='word_1_195' title='bbox 2130 3221 2204 3271; x_wconf 86' lang='grc' dir='ltr'>ΙΙ.</span> <span class='ocrx_word' id='word_1_196' title='bbox 2275 3220 2460 3270; x_wconf 86' lang='lat' dir='ltr'>XVIII</span> <span class='ocrx_word' id='word_1_197' title='bbox 2496 3219 2658 3275; x_wconf 83' lang='lat' dir='ltr'>Char.</span> 
     </span>
     <span class='ocr_line' id='line_1_29' title="bbox 359 3287 2657 3357; baseline -0.002 -15"><span class='ocrx_word' id='word_1_198' title='bbox 359 3294 466 3343; x_wconf 81' lang='grc'>213</span> <span class='ocrx_word' id='word_1_199' title='bbox 488 3307 587 3342; x_wconf 88' lang='lat' dir='ltr'>mu</span> <span class='ocrx_word' id='word_1_200' title='bbox 610 3290 835 3342; x_wconf 85' lang='lat' dir='ltr'>facere</span> <span class='ocrx_word' id='word_1_201' title='bbox 870 3306 968 3356; x_wconf 89' lang='lat' dir='ltr'>pro</span> <span class='ocrx_word' id='word_1_202' title='bbox 992 3291 1217 3341; x_wconf 76' lang='lat' dir='ltr'>muttire</span> <span class='ocrx_word' id='word_1_203' title='bbox 1246 3288 1552 3357; x_wconf 87' lang='lat' dir='ltr'>Lucilius</span> <span class='ocrx_word' id='word_1_204' title='bbox 1588 3293 1896 3341; x_wconf 83' lang='lat' dir='ltr'>saturarum</span> <span class='ocrx_word' id='word_1_205' title='bbox 1920 3289 2060 3340; x_wconf 87' lang='lat' dir='ltr'>libro</span> <span class='ocrx_word' id='word_1_206' title='bbox 2086 3290 2141 3339; x_wconf 91' lang='lat'>11</span> <span class='ocrx_word' id='word_1_207' title='bbox 2168 3288 2268 3351; x_wconf 84' lang='lat' dir='ltr'>(ita</span> <span class='ocrx_word' id='word_1_208' title='bbox 2290 3303 2405 3338; x_wconf 83' lang='lat' dir='ltr'>exc.</span> <span class='ocrx_word' id='word_1_209' title='bbox 2432 3287 2657 3351; x_wconf 86' lang='lat' dir='ltr'>Cauch.‚</span> 
     </span>
    </p>
   </div>
   <div class='ocr_carea' id='block_1_7' title="bbox 364 3443 794 3451">
    <p class='ocr_par' dir='ltr' id='par_1_8' title="bbox 364 3443 794 3451">
     <span class='ocr_line' id='line_1_30' title="bbox 364 3443 794 3451; baseline 0 0"><span class='ocrx_word' id='word_1_210' title='bbox 364 3443 794 3451; x_wconf 95' lang='lat' dir='ltr'> </span> 
     </span>
    </p>
   </div>
   <div class='ocr_carea' id='block_1_8' title="bbox 358 3539 2672 4120">
    <p class='ocr_par' dir='ltr' id='par_1_9' title="bbox 358 3539 2672 4120">
     <span class='ocr_line' id='line_1_31' title="bbox 535 3539 2663 3616; baseline -0.003 -17"><span class='ocrx_word' id='word_1_211' title='bbox 535 3542 619 3602; x_wconf 87' lang='grc'>20</span> <span class='ocrx_word' id='word_1_212' title='bbox 660 3544 785 3599; x_wconf 88' lang='lat' dir='ltr'>vino</span> <span class='ocrx_word' id='word_1_213' title='bbox 833 3541 900 3599; x_wconf 90' lang='lat' dir='ltr'>G.</span> <span class='ocrx_word' id='word_1_214' title='bbox 959 3570 1045 3582; x_wconf 89' lang='lat'>—-</span> <span class='ocrx_word' id='word_1_215' title='bbox 1099 3557 1455 3616; x_wconf 72' lang='lat' dir='ltr'>monogr-amo</span> <span class='ocrx_word' id='word_1_216' title='bbox 1501 3542 1548 3598; x_wconf 85' lang='lat' dir='ltr'><em>L</em></span> <span class='ocrx_word' id='word_1_217' title='bbox 1582 3541 1637 3597; x_wconf 91' lang='lat'>1.</span> <span class='ocrx_word' id='word_1_218' title='bbox 1858 3539 1936 3597; x_wconf 83' lang='grc'>22</span> <span class='ocrx_word' id='word_1_219' title='bbox 1983 3554 2183 3613; x_wconf 82' lang='lat' dir='ltr'>quaeso</span> <span class='ocrx_word' id='word_1_220' title='bbox 2242 3541 2360 3597; x_wconf 75' lang='lat' dir='ltr'>sive</span> <span class='ocrx_word' id='word_1_221' title='bbox 2415 3552 2663 3612; x_wconf 82' lang='lat' dir='ltr'>quaeque</span> 
     </span>
     <span class='ocr_line' id='line_1_32' title="bbox 360 3622 2665 3702; baseline -0.003 -17"><span class='ocrx_word' id='word_1_222' title='bbox 360 3644 505 3701; x_wconf 86' lang='lat' dir='ltr'>rogo</span> <span class='ocrx_word' id='word_1_223' title='bbox 548 3628 641 3698; x_wconf 89' lang='lat' dir='ltr'>M,</span> <span class='ocrx_word' id='word_1_224' title='bbox 700 3643 838 3702; x_wconf 82' lang='lat' dir='ltr'>quae</span> <span class='ocrx_word' id='word_1_225' title='bbox 882 3643 988 3701; x_wconf 83' lang='lat' dir='ltr'>ego</span> <span class='ocrx_word' id='word_1_226' title='bbox 1035 3628 1162 3683; x_wconf 84' lang='lat' dir='ltr'>cdd.</span> <span class='ocrx_word' id='word_1_227' title='bbox 1212 3657 1288 3665; x_wconf 93' lang='lat'>—</span> <span class='ocrx_word' id='word_1_228' title='bbox 1336 3626 1618 3681; x_wconf 86' lang='lat' dir='ltr'>Aemilium</span> <span class='ocrx_word' id='word_1_229' title='bbox 1664 3626 1754 3696; x_wconf 88' lang='lat' dir='ltr'>M,</span> <span class='ocrx_word' id='word_1_230' title='bbox 1815 3623 2045 3680; x_wconf 80' lang='lat' dir='ltr'>Aemilio</span> <span class='ocrx_word' id='word_1_231' title='bbox 2100 3622 2349 3697; x_wconf 74' lang='lat' dir='ltr'>scripti.&#39;</span> <span class='ocrx_word' id='word_1_232' title='bbox 2375 3654 2452 3663; x_wconf 91' lang='lat'>—</span> <span class='ocrx_word' id='word_1_233' title='bbox 2499 3630 2665 3696; x_wconf 84' lang='lat' dir='ltr'>atque</span> 
     </span>
     <span class='ocr_line' id='line_1_33' title="bbox 365 3707 2662 3786; baseline -0.001 -18"><span class='ocrx_word' id='word_1_234' title='bbox 365 3712 636 3786; x_wconf 80' lang='lat' dir='ltr'>precando</span> <span class='ocrx_word' id='word_1_235' title='bbox 683 3712 770 3782; x_wconf 89' lang='lat' dir='ltr'>M,</span> <span class='ocrx_word' id='word_1_236' title='bbox 830 3719 1122 3785; x_wconf 78' lang='lat' dir='ltr'>praecauto</span> <span class='ocrx_word' id='word_1_237' title='bbox 1167 3718 1331 3786; x_wconf 81' lang='lat' dir='ltr'>atque</span> <span class='ocrx_word' id='word_1_238' title='bbox 1377 3729 1423 3768; x_wconf 86' lang='lat' dir='ltr'>v.</span> <span class='ocrx_word' id='word_1_239' title='bbox 1585 3710 1666 3766; x_wconf 91' lang='grc'>24</span> <span class='ocrx_word' id='word_1_240' title='bbox 1711 3710 1929 3785; x_wconf 67' lang='lat' dir='ltr'>vulgum</span> <span class='ocrx_word' id='word_1_241' title='bbox 1975 3710 2103 3765; x_wconf 83' lang='lat' dir='ltr'>cdd.</span> <span class='ocrx_word' id='word_1_242' title='bbox 2278 3707 2357 3765; x_wconf 88' lang='grc'>25</span> <span class='ocrx_word' id='word_1_243' title='bbox 2397 3708 2662 3782; x_wconf 81' lang='lat' dir='ltr'>fortasse</span> 
     </span>
     <span class='ocr_line' id='line_1_34' title="bbox 363 3792 2659 3869; baseline -0.002 -16"><span class='ocrx_word' id='word_1_244' title='bbox 363 3798 532 3854; x_wconf 76' lang='lat' dir='ltr'>diceS.</span> <span class='ocrx_word' id='word_1_245' title='bbox 579 3827 664 3839; x_wconf 89' lang='lat'>-—</span> <span class='ocrx_word' id='word_1_246' title='bbox 708 3813 806 3853; x_wconf 85' lang='lat' dir='ltr'>cur</span> <span class='ocrx_word' id='word_1_247' title='bbox 850 3804 934 3852; x_wconf 87' lang='lat' dir='ltr'>est</span> <span class='ocrx_word' id='word_1_248' title='bbox 982 3795 1215 3853; x_wconf 79' lang='lat' dir='ltr'>sactum?</span> <span class='ocrx_word' id='word_1_249' title='bbox 1263 3813 1371 3869; x_wconf 87' lang='lat' dir='ltr'>quo</span> <span class='ocrx_word' id='word_1_250' title='bbox 1403 3796 1567 3852; x_wconf 87' lang='lat' dir='ltr'>coicis</span> <span class='ocrx_word' id='word_1_251' title='bbox 1597 3795 1781 3852; x_wconf 78' lang='lat' dir='ltr'>istud?</span> <span class='ocrx_word' id='word_1_252' title='bbox 1857 3793 2013 3851; x_wconf 81' lang='lat' dir='ltr'>Scal.</span> <span class='ocrx_word' id='word_1_253' title='bbox 2146 3792 2225 3850; x_wconf 89' lang='grc'>26</span> <span class='ocrx_word' id='word_1_254' title='bbox 2272 3792 2544 3867; x_wconf 82' lang='lat' dir='ltr'>chirodyti</span> <span class='ocrx_word' id='word_1_255' title='bbox 2579 3792 2659 3862; x_wconf 90' lang='lat' dir='ltr'>M,</span> 
     </span>
     <span class='ocr_line' id='line_1_35' title="bbox 361 3876 2661 3955; baseline -0.003 -17"><span class='ocrx_word' id='word_1_256' title='bbox 361 3881 582 3938; x_wconf 82' lang='lat' dir='ltr'>hrodeti</span> <span class='ocrx_word' id='word_1_257' title='bbox 628 3882 862 3951; x_wconf 84' lang='lat' dir='ltr'>Bamb.,</span> <span class='ocrx_word' id='word_1_258' title='bbox 909 3881 1052 3950; x_wconf 80' lang='lat' dir='ltr'>L23</span> <span class='ocrx_word' id='word_1_259' title='bbox 1106 3881 1342 3954; x_wconf 77' lang='lat' dir='ltr'>hrodyty</span> <span class='ocrx_word' id='word_1_260' title='bbox 1384 3880 1431 3935; x_wconf 86' lang='lat' dir='ltr'><em>L</em></span> <span class='ocrx_word' id='word_1_261' title='bbox 1465 3881 1534 3949; x_wconf 83' lang='lat'>13</span> <span class='ocrx_word' id='word_1_262' title='bbox 1582 3880 1825 3955; x_wconf 81' lang='lat' dir='ltr'>hyodyty</span> <span class='ocrx_word' id='word_1_263' title='bbox 1862 3883 2058 3952; x_wconf 78' lang='lat' dir='ltr'>potius</span> <span class='ocrx_word' id='word_1_264' title='bbox 2102 3896 2273 3952; x_wconf 80' lang='lat' dir='ltr'>quam</span> <span class='ocrx_word' id='word_1_265' title='bbox 2318 3876 2555 3952; x_wconf 81' lang='lat' dir='ltr'>hrodyty</span> <span class='ocrx_word' id='word_1_266' title='bbox 2596 3877 2661 3933; x_wconf 88' lang='lat' dir='ltr'>G.</span> 
     </span>
     <span class='ocr_line' id='line_1_36' title="bbox 360 3962 2672 4035; baseline -0.002 -13"><span class='ocrx_word' id='word_1_267' title='bbox 360 3998 442 4009; x_wconf 88' lang='lat'>—</span> <span class='ocrx_word' id='word_1_268' title='bbox 490 3967 633 4022; x_wconf 80' lang='lat' dir='ltr'>ricae</span> <span class='ocrx_word' id='word_1_269' title='bbox 671 3967 876 4024; x_wconf 84' lang='lat' dir='ltr'>Carrio</span> <span class='ocrx_word' id='word_1_270' title='bbox 889 3990 908 4030; x_wconf 88' lang='lat'>‚-</span> <span class='ocrx_word' id='word_1_271' title='bbox 954 3966 1191 4022; x_wconf 74' lang='lat' dir='ltr'>thoi-acia</span> <span class='ocrx_word' id='word_1_272' title='bbox 1220 3965 1498 4028; x_wconf 77' lang='lat' dir='ltr'>Rotkius;</span> <span class='ocrx_word' id='word_1_273' title='bbox 1542 3967 1655 4021; x_wconf 88' lang='lat' dir='ltr'>cicc</span> <span class='ocrx_word' id='word_1_274' title='bbox 1698 3973 1754 4021; x_wconf 84' lang='lat' dir='ltr'>et</span> <span class='ocrx_word' id='word_1_275' title='bbox 1800 3965 1976 4020; x_wconf 82' lang='lat' dir='ltr'>oracia</span> <span class='ocrx_word' id='word_1_276' title='bbox 2021 3964 2168 4034; x_wconf 66' lang='lat' dir='ltr'>cdd„</span> <span class='ocrx_word' id='word_1_277' title='bbox 2219 3969 2467 4034; x_wconf 80' lang='lat' dir='ltr'>excepto</span> <span class='ocrx_word' id='word_1_278' title='bbox 2514 3962 2672 4035; x_wconf 81' lang='lat' dir='ltr'>quod</span> 
     </span>
     <span class='ocr_line' id='line_1_37' title="bbox 358 4047 2662 4120; baseline -0.003 -11"><span class='ocrx_word' id='word_1_279' title='bbox 358 4057 420 4109; x_wconf 85' lang='lat' dir='ltr'>in</span> <span class='ocrx_word' id='word_1_280' title='bbox 467 4053 671 4108; x_wconf 85' lang='lat' dir='ltr'>Bamb.</span> <span class='ocrx_word' id='word_1_281' title='bbox 720 4057 806 4108; x_wconf 81' lang='lat' dir='ltr'>est</span> <span class='ocrx_word' id='word_1_282' title='bbox 848 4051 1210 4107; x_wconf 78' lang='lat' dir='ltr'>ciceetoratia.</span> <span class='ocrx_word' id='word_1_283' title='bbox 1256 4081 1341 4090; x_wconf 92' lang='lat'>—</span> <span class='ocrx_word' id='word_1_284' title='bbox 1384 4066 1530 4106; x_wconf 80' lang='lat' dir='ltr'>mare</span> <span class='ocrx_word' id='word_1_285' title='bbox 1560 4051 1787 4119; x_wconf 85' lang='lat' dir='ltr'>Bamb.,</span> <span class='ocrx_word' id='word_1_286' title='bbox 1822 4051 1870 4106; x_wconf 81' lang='lat' dir='ltr'><em>L</em></span> <span class='ocrx_word' id='word_1_287' title='bbox 1900 4048 1957 4104; x_wconf 92' lang='grc'>2.</span> <span class='ocrx_word' id='word_1_288' title='bbox 2009 4079 2082 4089; x_wconf 91' lang='grc'>-</span> <span class='ocrx_word' id='word_1_289' title='bbox 2133 4055 2243 4104; x_wconf 79' lang='lat' dir='ltr'>cet.</span> <span class='ocrx_word' id='word_1_290' title='bbox 2288 4050 2345 4102; x_wconf 82' lang='lat' dir='ltr'>in</span> <span class='ocrx_word' id='word_1_291' title='bbox 2390 4064 2535 4120; x_wconf 73' lang='lat' dir='ltr'>mry.</span> <span class='ocrx_word' id='word_1_292' title='bbox 2572 4047 2662 4102; x_wconf 83' lang='lat' dir='ltr'>cd.</span> 
     </span>
    </p>
   </div>
   <div class='ocr_carea' id='block_1_9' title="bbox 361 4131 2663 4211">
    <p class='ocr_par' dir='ltr' id='par_1_10' title="bbox 361 4131 2663 4211">
     <span class='ocr_line' id='line_1_38' title="bbox 361 4131 2663 4211; baseline -0.004 -17"><span class='ocrx_word' id='word_1_293' title='bbox 361 4138 410 4194; x_wconf 94' lang='lat' dir='ltr'><strong><em>G</em></strong></span> <span class='ocrx_word' id='word_1_294' title='bbox 452 4139 559 4211; x_wconf 69' lang='lat'>129.</span> <span class='ocrx_word' id='word_1_295' title='bbox 608 4137 845 4193; x_wconf 76' lang='lat' dir='ltr'>auratice</span> <span class='ocrx_word' id='word_1_296' title='bbox 888 4136 1066 4211; x_wconf 66' lang='lat' dir='ltr'>mitre.</span> <span class='ocrx_word' id='word_1_297' title='bbox 1285 4134 1363 4192; x_wconf 84' lang='grc'>27</span> <span class='ocrx_word' id='word_1_298' title='bbox 1425 4151 1515 4191; x_wconf 88' lang='lat' dir='ltr'>mu</span> <span class='ocrx_word' id='word_1_299' title='bbox 1561 4152 1670 4193; x_wconf 91' lang='lat' dir='ltr'>om.</span> <span class='ocrx_word' id='word_1_300' title='bbox 1718 4136 1940 4206; x_wconf 82' lang='lat' dir='ltr'>Neap.,</span> <span class='ocrx_word' id='word_1_301' title='bbox 1993 4151 2109 4191; x_wconf 85' lang='lat' dir='ltr'>non</span> <span class='ocrx_word' id='word_1_302' title='bbox 2155 4149 2286 4191; x_wconf 82' lang='lat' dir='ltr'>exc.</span> <span class='ocrx_word' id='word_1_303' title='bbox 2334 4131 2531 4187; x_wconf 80' lang='lat' dir='ltr'>Paris.</span> <span class='ocrx_word' id='word_1_304' title='bbox 2586 4160 2663 4169; x_wconf 91' lang='lat'>—</span> 
     </span>
    </p>
   </div>
   <div class='ocr_carea' id='block_1_10' title="bbox 356 4230 2664 4351">
    <p class='ocr_par' dir='ltr' id='par_1_11' title="bbox 356 4230 2664 4351">
     <span class='ocr_line' id='line_1_39' title="bbox 356 4230 2664 4351; baseline -0.003 -21"><span class='ocrx_word' id='word_1_305' title='bbox 356 4275 413 4330; x_wconf 86' lang='lat' dir='ltr'>in</span> <span class='ocrx_word' id='word_1_306' title='bbox 471 4289 636 4347; x_wconf 83' lang='lat' dir='ltr'>quem</span> <span class='ocrx_word' id='word_1_307' title='bbox 690 4274 783 4345; x_wconf 89' lang='lat' dir='ltr'>M,</span> <span class='ocrx_word' id='word_1_308' title='bbox 829 4275 883 4330; x_wconf 87' lang='lat' dir='ltr'>in</span> <span class='ocrx_word' id='word_1_309' title='bbox 929 4289 1252 4350; x_wconf 80' lang='lat' dir='ltr'>quemquam</span> <span class='ocrx_word' id='word_1_310' title='bbox 1299 4288 1433 4336; x_wconf 68' lang='lat' dir='ltr'>exc,</span> <span class='ocrx_word' id='word_1_311' title='bbox 1481 4273 1693 4342; x_wconf 69' lang='lat' dir='ltr'>Paris„</span> <span class='ocrx_word' id='word_1_312' title='bbox 1744 4230 2001 4350; x_wconf 46' lang='lat' dir='ltr'>uinquam</span> <span class='ocrx_word' id='word_1_313' title='bbox 2072 4270 2155 4340; x_wconf 87' lang='lat' dir='ltr'>N,</span> <span class='ocrx_word' id='word_1_314' title='bbox 2224 4270 2440 4351; x_wconf 82' lang='lat' dir='ltr'>inquam</span> <span class='ocrx_word' id='word_1_315' title='bbox 2504 4285 2554 4324; x_wconf 87' lang='lat' dir='ltr'>v.</span> <span class='ocrx_word' id='word_1_316' title='bbox 2612 4283 2664 4331; x_wconf 84' lang='lat' dir='ltr'>c,</span> 
     </span>
    </p>
   </div>
   <div class='ocr_carea' id='block_1_11' title="bbox 353 4358 616 4417">
    <p class='ocr_par' dir='ltr' id='par_1_12' title="bbox 353 4358 616 4417">
     <span class='ocr_line' id='line_1_40' title="bbox 353 4358 616 4417; baseline -0.008 -2"><span class='ocrx_word' id='word_1_317' title='bbox 353 4358 616 4417; x_wconf 80' lang='lat' dir='ltr'>Dousae.</span> 
     </span>
    </p>
   </div>
  </div>
 </body>
</html>
