3267 5075
608 368 738 434 298
926 405 931 411 ·
1115 396 1116 399 ¹
1283 368 1738 425 TESTIMONIA
1775 368 1870 424 DE
1911 367 2218 425 LUCILIO.

610 555 734 595 cum
775 540 892 613 ipse
939 544 1168 594 testatur
1212 536 1453 593 Crassus.
1526 553 1630 610 qua
1659 554 1718 592 re
1756 536 2156 592 assentiendum
2200 537 2450 593 existimo
2497 536 2761 608 Heusdio,
2808 538 2905 611 qui

610 625 798 679 statuit
844 642 934 696 pg.
985 622 1105 678 216
1166 621 1587 694 intellegendum
1645 620 1892 678 Publium
1947 621 2178 677 Mucium
2222 621 2562 687 Scaevolam,
2616 622 2905 678 consulem

608 709 734 764 anni
780 708 924 779 621,
970 724 1129 780 quem
1173 707 1474 763 inimicitias
1518 707 1825 762 exercuisse
1870 723 1989 762 cum
2037 705 2094 761 P.
2128 704 2381 780 Scipione
2412 705 2687 763 Ciceronis
2720 702 2819 783 ⁴[d.
2852 725 2904 763 r.

608 811 662 867 p.
709 792 752 864 1,
803 792 905 856 19;
952 792 1019 848 de
1064 809 1145 848 or.
1190 790 1256 863 ll,
1304 792 1401 862 70,
1450 786 1599 867 285]
1649 791 1974 847 testimoniis
2018 797 2252 849 constat.

779 876 879 933 22.
954 877 1171 932 omnino
1218 875 1283 931 ad
1326 875 1521 932 Lucilii
1567 893 1627 932 ac
1670 874 2005 948 reliquorum
2049 876 2390 932 satiricorum
2448 877 2689 933 rationes
2741 877 2908 951 plene

608 961 977 1036 percipiendas
1021 961 1333 1036 dignissima
1376 961 1601 1034 cognitu
1645 962 1815 1034 prima
1858 960 2120 1016 luvenalis
2171 968 2371 1016 satura.
2418 991 2504 1002 —-
2543 970 2676 1018 nota
2722 971 2909 1018 autem

610 1063 796 1102 omnes
843 1062 1074 1120 quorum
1120 1052 1304 1101 extant
1346 1037 1468 1100 libri
1511 1046 1760 1101 satiricos
1805 1045 1994 1101 Lucilii
2038 1046 2395 1102 imitationem
2440 1046 2709 1121 profiteri.

780 1131 879 1188 26.
954 1133 1198 1188 eruditio
1241 1133 1420 1194 ,πίνω
1461 1138 1516 1186 at
1544 1129 1872 1186 mediocrem
1914 1128 2105 1185 tribuit
2134 1130 2307 1186 eidem
2339 1129 2544 1189 Cicero.
2616 1132 2907 1188 iactantior

610 1223 785 1271 tamen
833 1217 1020 1289 utique
1065 1214 1384 1271 ostentanda
1441 1213 1687 1270 doctrina
1730 1213 1965 1270 Lucilius
2023 1244 2100 1254 -—
2157 1215 2303 1288 quod
2357 1217 2534 1289 ipsum
2591 1217 2781 1272 nescio
2839 1234 2906 1272 an

608 1299 783 1355 fraudi
827 1300 992 1356 suerit
1020 1298 1346 1367 Quintiliano
1394 1329 1470 1341 --
1518 1297 1720 1354 oblitus
1765 1297 2050 1373 aliquando
2092 1301 2365 1373 praecepti
2407 1301 2673 1356 notissimi
2721 1318 2907 1373 manu,

608 1402 719 1440 non
765 1392 885 1441 toto
930 1384 1144 1441 sacculo
1189 1383 1573 1458 spargendum.
1628 1413 1714 1423 —
1760 1399 1895 1440 esse
1949 1385 2170 1457 aliquid
2220 1387 2375 1457 quod
2426 1388 2627 1443 tollere
2680 1391 2877 1457 possis
2889 1411 2907 1450 ,-

608 1468 740 1528 Hnr.
785 1475 888 1524 sat.
933 1467 975 1541 1,
1018 1467 1079 1541 4,
1128 1469 1203 1525 11
1262 1487 1391 1525 cum
1430 1470 1641 1539 flueret
1680 1471 2027 1540 lutulentuS,
2086 1475 2217 1524 erat
2261 1471 2415 1543 quod
2454 1472 2658 1527 tollere
2704 1473 2902 1527 velles,

608 1570 796 1627 parum
841 1561 1088 1610 accurate
1132 1562 1200 1609 et
1241 1552 1519 1610 rettulisse
1563 1553 1696 1609 haec
1747 1561 1804 1609 et
1858 1552 2270 1627 interpretatum
2330 1571 2450 1611 esse
2507 1553 2906 1622 Quintilianum

606 1639 710 1694 iam
754 1640 960 1694 monui.
1009 1670 1086 1680 -—-
1135 1646 1377 1694 ceterum
1407 1636 1769 1705 Quintilianus
1811 1639 1939 1711 quin
1981 1637 2307 1713 primoribus
2350 1639 2498 1712 quod
2541 1641 2694 1695 aiunt
2737 1639 2904 1695 labris

606 1722 910 1797 degustarit
953 1723 1140 1780 Lucilii
1183 1724 1387 1797 pariter
1429 1739 1489 1779 ac
1518 1722 1771 1778 Varronis
1801 1729 2009 1778 saturas
2040 1739 2151 1778 non
2192 1732 2277 1779 est
2306 1723 2546 1780 dubium.

777 1808 878 1865 35.
950 1810 1120 1882 prima
1173 1806 1333 1863 verba
1376 1806 1624 1863 Euanthii
1679 1823 1746 1863 ex
1790 1806 1920 1864 Hor.
1978 1824 2065 1882 ep.
2114 1807 2179 1863 ad
2235 1809 2378 1883 Aug.
2426 1826 2509 1864 vv.
2563 1808 2903 1866 145—155

608 1892 768 1948 dtzcta
814 1892 967 1948 l'acile
1010 1900 1250 1967 apparet.

779 1976 879 2034 40.
955 1980 1081 2035 stilo
1111 1979 1442 2042 Luciliano5
1484 1979 1530 2033 si
1562 1993 1627 2033 ex
1658 1978 1993 2052 anthologia,
2039 1995 2175 2051 quae
2206 1994 2518 2034 communes
2549 1980 2905 2054 potissimum

607 2063 910 2120 contineret
938 2062 1114 2135 locos,
1158 2064 1403 2138 peritiam
1449 2061 1637 2118 Lucilii
1684 2064 1847 2119 traxit
1887 2063 2181 2133 AusoniuS,
2230 2080 2339 2119 non
2384 2065 2488 2119 iam
2528 2065 2736 2138 poterit
2782 2082 2906 2120 esse

609 2149 822 2218 mirum,
862 2147 1010 2221 quod
1054 2165 1266 2204 carmen
1309 2147 1441 2204 illud
1487 2146 1616 2203 stilo
1647 2146 1920 2204 Luciliano
1951 2149 2317 2221 conscriptum
2348 2158 2565 2222 praeter
2594 2152 2904 2206 sententias

607 2231 862 2304 morales,
908 2249 1045 2307 quae
1087 2250 1189 2289 nec
1232 2231 1370 2307 apud
1401 2231 1667 2289 Lucilium
1712 2232 1866 2288 suere
1907 2231 2301 2306 infrequentes,
2356 2241 2463 2288 tam
2507 2251 2698 2308 parum
2729 2234 2904 2291 refert

606 2333 772 2373 venae
813 2316 1136 2374 Lucilianae.

779 2401 879 2458 42.
954 2404 1317 2460 coniecturam
1376 2402 1441 2459 ab
1508 2401 1750 2459 Heusdio
1817 2419 1935 2458 rara
1995 2403 2200 2476 ingenii
2269 2402 2523 2459 felicitate
2592 2412 2901 2478 promptam

607 2486 852 2561 probavit
895 2486 1199 2545 Fridericus
1243 2487 1567 2545 l‘itschelius
1613 2504 1727 2562 par.
1775 2486 1944 2562 praes.
1991 2504 2084 2561 pg.
2131 2487 2262 2542 XVll
2318 2494 2373 2544 et
2431 2504 2501 2544 m.
2548 2488 2725 2545 Rhen.
2776 2506 2900 2546 nov.

607 2573 693 2644 Vl,
739 2572 895 2645 522,
954 2589 1064 2629 non
1119 2573 1367 2647 probarit
1409 2572 1574 2629 lulius
1619 2572 1876 2648 Steupius
1919 2571 2089 2628 libelli
2132 2571 2200 2629 de
2243 2572 2433 2629 Probis
2478 2576 2900 2646 grammmaticis

606 2675 702 2733 pg.
751 2659 808 2730 7,
852 2657 946 2714 sed
990 2659 1306 2715 ratiunculis
1352 2675 1482 2716 usus
1526 2666 1609 2714 sat
1651 2657 1916 2715 invalidis.

774 2760 877 2818 46.
963 2761 1095 2818 haec
1156 2778 1265 2818 non
1332 2760 1398 2817 ad
1462 2777 1662 2834 pueros
1728 2763 1781 2817 in
1845 2759 1987 2816 ludis
2055 2768 2331 2817 versantes
2393 2763 2666 2835 pertinere
2734 2763 2898 2819 nullis

607 2863 859 2920 umquam
904 2847 1130 2920 argutiis
1180 2843 1466 2904 efficietur.
1554 2855 1610 2902 et
1665 2852 1886 2920 apparet
1941 2862 2050 2900 nau
2106 2847 2394 2902 memorari
2444 2845 2507 2902 ab
2566 2846 2897 2921 Hieronymo

607 2939 822 3006 practer
866 2948 961 2986 eos
1005 2930 1172 2988 libros
1228 2947 1367 3005 quos
1425 2932 1583 2987 tritos
1627 2931 1934 2988 scholarum
1993 2947 2095 2985 usu
2151 2929 2314 3004 vulgo
2370 2937 2606 2988 constat.
2695 2932 2899 2988 accedit

609 3015 756 3089 qued
823 3016 995 3072 omnis
1062 3016 1329 3090 elegantia
1386 3016 1673 3072 verborum
1731 3016 1846 3072 eius
1911 3016 2085 3088 petit,
2146 3014 2194 3070 si
2250 3032 2478 3088 puerum
2539 3017 2596 3072 h.
2657 3016 2694 3071 l.
2753 3016 2894 3072 aliud

607 3099 911 3175 significare
965 3108 1263 3157 statuemus
1318 3117 1478 3174 quam
1533 3117 1659 3157 vere
1714 3116 1960 3174 puerum.
2051 3099 2208 3155 aliter
2263 3101 2433 3155 uisum
2489 3100 2746 3175 Steupio,
2805 3103 2896 3175 qui

605 3184 774 3241 libelli
817 3184 884 3241 de
926 3185 1114 3241 Probis
1157 3186 1516 3259 grammaticis
1546 3203 1639 3260 pg.
1670 3185 1749 3243 81
1797 3184 1861 3241 ad
1904 3181 2252 3241 refellendam
2296 3186 2607 3259 opinionem
2653 3194 2897 3241 nostram

607 3271 739 3326 haec
783 3270 992 3343 profert
1034 3270 1289 3345 perdocta
1336 3271 1420 3326 ‘in
1465 3272 1675 3327 scholis
1719 3273 1833 3326 nisi
1866 3269 2053 3342 fallor
2096 3287 2209 3325 non
2237 3271 2583 3343 leyebantur
2614 3276 2893 3327 co'mmen·

609 3359 764 3428 larii,
807 3357 912 3413 sed
949 3357 1292 3430 leyebantur
1330 3362 1538 3428 poetae
1581 3372 1727 3429 quos
1768 3357 2032 3428 mayistri
2067 3354 2474 3410 marutham?
2547 3364 2713 3429 negat
2755 3354 2893 3410 idem

607 3440 888 3497 Aemilium
934 3441 1162 3514 Asprum
1209 3440 1611 3514 grammaticum
1642 3441 1856 3514 -quippe
1900 3437 2292 3494 nobilissimum
2335 3441 2581 3513 potuisse
2625 3455 2893 3496 commen-

608 3526 773 3581 tarios
818 3542 1110 3599 puerorum
1152 3526 1210 3581 in
1241 3525 1399 3580 usuni
1439 3524 1803 3596 conscribere,
1849 3524 2000 3597 quasi
2031 3522 2183 3579 solus
2214 3531 2306 3580 aut
2333 3525 2540 3598 primus
2569 3525 2621 3579 id
2655 3524 2891 3580 fecisset.

608 3625 709 3664 nos
753 3615 930 3665 tamen
977 3608 1317 3683 Hieronymi,
1374 3626 1533 3683 quem
1587 3609 1779 3666 melius
1836 3609 2024 3681 utiquc
2079 3623 2237 3682 quam
2293 3615 2507 3664 nosmet
2563 3607 2631 3664 de
2687 3608 2894 3664 Aemilii

606 3693 821 3769 scriptis
865 3693 1035 3750 fuisse
1079 3693 1329 3751 edoctum
1371 3703 1456 3750 sat
1497 3702 1733 3766 constat,
1777 3695 2183 3767 acquiescemus
2234 3694 2546 3749 testimonio
2591 3701 2742 3749 extra
2784 3710 2893 3747 am-

605 3777 922 3849 biguitatem
966 3767 1292 3852 posito.‘—
1338 3786 1578 3835 ceterum
1621 3778 1814 3835 Lucilii
1872 3777 2131 3852 quaedam
2184 3777 2279 3833 illo
2337 3779 2493 3833 etiam
2551 3787 2793 3852 tempore
2837 3778 2893 3833 in

606 3861 809 3920 scholis
854 3868 1079 3920 tractata
1123 3864 1500 3936 quaestionum
1543 3862 1714 3919 Lucil.
1761 3880 1809 3919 c.
1855 3863 1878 3917 l
1921 3862 2422 3919 demonstravimus,

775 3945 875 4004 47.
950 3947 1106 4005 Eum‘i
1151 3947 1243 4004 ubi
1284 3945 1345 4003 fit
1389 3949 1591 4004 mentio
1636 3948 1777 4023 apud
1822 3954 2031 4004 veteres
2077 3963 2186 4003 non
2230 3946 2413 4003 addito
2460 3948 2748 4004 carminum
2796 3964 2890 4021 ge·

608 4049 739 4089 nere
783 4048 998 4107 semper
1039 4039 1300 4089 notantur
1344 4032 1560 4088 annales
1589 4077 1606 4105 ,
1653 4032 1848 4107 quibus
1894 4032 2119 4087 maxime
2164 4048 2365 4087 nomen
2411 4033 2526 4088 eius
2556 4030 2886 4106 percrebuit:

606 4120 787 4192 itaque
831 4126 1067 4174 testatur
1111 4125 1302 4174 auctor
1346 4116 1628 4190 anecdoti,
1692 4117 1838 4191 quod
1894 4132 2020 4172 sane
2072 4118 2157 4171 vix
2212 4116 2367 4172 aliter
2423 4119 2635 4173 evenire
2687 4118 2887 4192 potuit,

610 4202 996 4278 Vargunteium
1040 4212 1093 4259 et
1138 4203 1381 4277 reliquos
1426 4203 1644 4259 criticos
1689 4219 1907 4277 operam
1952 4217 2175 4257 navasse
2230 4203 2461 4276 primum
2506 4201 2884 4275 dactylicorum

609 4297 733 4342 ante
776 4286 1048 4345 Ciceronis
1091 4294 1317 4344 aetatem
1363 4286 1515 4342 libris
1571 4286 1737 4361 longe
1781 4287 2120 4359 clarissimis,
2166 4286 2360 4342 deinde
2405 4285 2598 4342 sabulis
2641 4287 2748 4341 sive
2795 4302 2885 4341 co·

609 4373 762 4429 micis
805 4373 915 4430 sive
957 4375 1206 4448 tragicis,
1266 4390 1398 4447 quas
1444 4389 1602 4446 quam
1649 4374 1875 4430 maxime
1930 4370 2187 4429 obnoxias
2240 4370 2411 4428 luisse
2468 4369 2785 4446 corruptelis
2830 4377 2886 4425 et
