3267 5075
728 314 856 379 186
1399 313 1852 371 'resrfflomA
1888 315 1985 370 DE
2022 313 2329 370 memo.
2399 276 2402 279 Δ

1642 476 1855 547 XXXI
1902 479 2085 560 [180]

898 593 1109 659 Diom.
1146 595 1302 659 482:
1349 594 1600 660 iambus
1639 597 1740 659 est
1775 616 2035 659 carmen
2079 593 2460 660 maledicum
2490 630 2573 639 —
2604 593 2782 659 cuius
2823 616 2979 679 prae·

722 710 894 793 cipui
939 710 1280 794 scriptores
1327 709 1497 793 apud
1543 708 1822 774 Graecos
1858 709 2282 775 Archilochus
2329 712 2394 773 et
2429 709 2795 797 Hipponagt,
2833 712 2979 797 apud

722 824 1050 890 Romanos
1096 825 1377 891 Lucilius
1424 829 1490 890 et
1534 824 1826 891 Catullus
1872 829 1937 890 et
1980 824 2289 891 Horatius
2330 828 2401 890 'et
2444 825 2805 891 Bibaculus.

1622 939 1873 1004 XXXII
1918 936 2102 1023 [181]

898 1055 1135 1140 Porph.
1190 1057 1272 1122 ad
1321 1056 1481 1122 Hor.
1542 1060 1661 1122 sat.
1707 1056 1766 1141 Ι,
1821 1058 1890 1141 3,
1936 1058 2021 1123 38
2088 1060 2464 1121 ‘amatorem
2531 1057 2731 1142 quod·
2764 1057 2978 1121 amicae

721 1171 938 1255 turpia
983 1171 1310 1256 decipiunt
1362 1195 1620 1238 caecum
1675 1173 1835 1241 vitia
1887 1175 2000 1236 aut
2043 1172 2239 1237 etiam
2284 1172 2427 1257 ipsa
2482 1172 2644 1236 haec
2687 1172 2981 1236 delectant

603 1334 609 1338 -
721 1287 918 1366 veluti
963 1286 1307 1352 Balbinum
1353 1289 1625 1373 polypus
1675 1287 2002 1373 Hagnae':
2058 1287 2390 1351 Luciliana
2442 1288 2804 1353 urbanitate
2847 1310 2979 1352 usus

721 1403 792 1467 in
834 1403 1114 1469 transitu
1157 1403 1650 1469 amaritudinem
1696 1402 2029 1489 adspersit.

777 1592 782 1597 .
1319 1598 1334 1606 θ
1721 1518 2002 1583 XXXIII

897 1633 1133 1719 Porph.
1180 1635 1261 1698 ad
1305 1632 1459 1699 Hor.
1506 1655 1603 1719 ep.
1650 1633 1709 1719 Ι,
1759 1635 1868 1718 19,
1908 1635 1998 1713 Ἴ33
2055 1633 2257 1700 ‘iuvat
2303 1671 2388 1680 —
2435 1635 2733 1720 ingenuis
2778 1635 2978 1700 oeulis-

723 1771 845 1834 que
889 1750 1018 1834 legi
1056 1750 1478 1834 manibusque
1514 1750 1772 1814 teneri':
1817 1750 1941 1815 hoc
1985 1750 2085 1814 vel
2123 1750 2203 1814 ad
2240 1750 2696 1816 Archilochum
2735 1752 2980 1815 refertur

721 1865 926 1929 multa
971 1848 1288 1931 obscaena
1334 1865 1651 1930 dicentem
1687 1866 1788 1930 vel
1835 1865 1917 1930 ad
1951 1864 2266 1930 Lucilium
2312 1865 2749 1952 (Lucillium
2783 1851 2979 1950 Mhi),
3094 1900 3099 1905 ·

723 1981 833 2065 qui
879 2002 1079 2065 aeque
1123 1981 1329 2046 multa
1382 2003 1613 2065 spurca
1658 1978 1780 2066 (ita
1825 1981 2079 2065 scripsi3
2134 1982 2450 2065 punices
2496 2004 2771 2066 purcea
2811 1980 2978 2063 Mon„

721 2095 832 2159 ubi
880 2099 1145 2180 apparet
1197 2096 1354 2161 illud
1407 2097 1681 2185 punice
1735 2096 1900 2160 nihil
1954 2118 2094 2163 esse
2138 2097 2266 2162 nisi
2321 2086 2821 2183 dittographiam
2861 2097 2976 2160 eius

723 2211 895 2295 quod
940 2211 1227 2296 sequitur
1270 2209 1534 2298 purce)
1580 2202 1936 2295 conposuit.

1605 2326 1884 2393 XXXIV
1931 2328 2115 2409 [181]
2694 2382 2704 2389 .

897 2442 1044 2508 Acr.
1092 2442 1172 2507 ad
1217 2441 1374 2507 Hor.
1421 2441 1551 2509 Sat.
1596 2442 1648 2527 Ι,
1696 2445 1760 2508 1:
1818 2444 2018 2509 satira
2069 2444 2256 2510 istius
2302 2422 2629 2530 (Horatiiff
2670 2445 2832 2509 inter
2871 2422 2973 2508 Lu-

722 2549 852 2624 cilii
916 2560 1178 2625 satiram
1241 2563 1308 2623 et
1368 2558 1692 2625 Iuvenalis
1756 2564 1854 2626 est
1915 2560 2142 2626 media.
2250 2584 2405 2626 nam
2469 2565 2535 2626 et
2597 2562 2975 2646 asperitatem

721 2674 918 2739 habet
973 2697 1166 2760 quam
1219 2674 1502 2742 Lucilius
1555 2679 1620 2740 et
1676 2676 2060 2740 suavitatem
2115 2699 2308 2761 quam
2362 2676 2683 2743 Iuvenalis
2736 2678 2972 2742 mixtam

721 2790 788 2854 in
845 2812 961 2854 suo
1016 2791 1297 2856 carmine
1344 2829 1428 2838 —
1476 2795 1546 2856 at
1600 2791 1928 2856 sciendum
1983 2795 2202 2856 tamen
2256 2795 2381 2876 est,
2437 2772 2611 2877 quod·
2665 2794 2972 2858 satirarum

721 2928 980 2971 carmen
1023 2929 1063 2970 a
1104 2907 1313 2994 primo
1360 2907 1648 2972 omnium
1695 2911 1951 2974 auctore
1997 2900 2241 2972 Lucilio
2289 2908 2375 2972 sit
2415 2912 2764 2994 repertum,
2807 2908 2971 2972 etiam

720 3021 1000 3106 ipsomet
1039 3020 1312 3087 Horatio
1357 3025 1539 3087 teste.
1826 3053 1833 3060 ·

1625 3136 1871 3202 XXXV
1918 3139 2101 3220 [179]

895 3252 1262 3319 Euanthius
1305 3252 1381 3317 de
1419 3275 1579 3319 com.
1623 3274 1729 3338 pg.
1766 3252 1925 3317 XIII
1961 3253 2054 3319 ed.
2093 3252 2324 3318 Klotzs
2369 3276 2515 3318 cum
2549 3257 2776 3339 poetae
2809 3254 2967 3318 licen-

718 3368 849 3434 tius
897 3368 1076 3433 abuti
1123 3369 1273 3433 stilo
1320 3371 1386 3432 et
1429 3368 1673 3452 passim
1717 3368 1966 3433 laedere
2021 3391 2098 3433 ex
2150 3368 2417 3432 libidine
2462 3370 2817 3453 coepissent
2850 3368 2974 3452 plu-

705 3506 821 3549 -res
875 3484 1109 3569 bonos,
1133 3506 1244 3549 .ne
1301 3483 1640 3569 quisquam
1693 3484 1764 3547 in
1817 3484 2090 3549 alterum
2143 3507 2402 3549 carmen
2454 3485 2695 3551 infame
2744 3501 2980 3565 compca·

719 3602 903 3665 neret
944 3601 1087 3684 lege
1131 3600 1267 3665 lata
1311 3599 1558 3665 siluere.
1651 3602 1716 3663 et
1773 3599 1925 3663 hinc
1980 3599 2206 3664 deinde
2253 3600 2425 3666 aliud
2480 3621 2686 3685 genus
2727 3598 2971 3690 fablssae,

720 3714 787 3778 id
832 3717 931 3778 est
967 3717 1201 3799 satyra,
1247 3713 1523 3798 sumpsit
1558 3714 1915 3798 exordium3
1964 3737 2126 3800 quae
2173 3738 2212 3780 a
2250 3713 2513 3800 SatyriS,
2559 3738 2719 3802 quos
2751 3715 2966 3781 iocosos

721 3850 970 3913 semper
1034 3850 1110 3894 ac
1170 3831 1531 3914 petulantes
1596 3828 1749 3894 deos
1815 3829 2052 3896 scimus
2118 3851 2281 3916 esse,
2343 3831 2628 3895 vocitata
2690 3834 2806 3913 est3
2865 3825 2965 3892 etsi

720 3944 975 4011 aliunde
1020 3966 1257 4011 nomen
1302 3946 1573 4011 traxisse
1617 3966 1814 4029 prave
1866 3925 2100 4029 putant
2145 3945 2273 4010 alii.
2360 3945 2522 4011 haec
2567 3947 2760 4011 satira
2798 3943 2968 4030 igitur
3030 4021 3035 4027 .

719 4060 1031 4126 eiusmodi
1076 4060 1225 4144 fuit,
1279 4063 1353 4124 ut
1405 4061 1478 4128 in
1530 4082 1606 4124 ea
1652 4060 1943 4145 quamvis
2000 4061 2159 4126 duro
2215 4064 2280 4125 et
2332 4062 2507 4126 velut
2562 4061 2793 4147 agresti
2830 4060 2967 4139 ioco,

720 4177 797 4242 de
842 4176 1015 4243 vitiis
1053 4176 1287 4243 civium
1322 4179 1540 4240 tamen
1579 4177 1717 4241 sine
1755 4175 1887 4242 ullo
1923 4175 2167 4260 proprii
2201 4176 2484 4242 nominis
2517 4177 2710 4258 titulo
2742 4192 2964 4242 carmen

721 4295 905 4358 esset.
997 4291 1168 4378 quod
1198 4292 1367 4390 ‘item
1414 4313 1617 4379 genus
1665 4291 2029 4359 comoediae
2075 4293 2295 4359 multis
2342 4293 2528 4360 offuit
2568 4293 2797 4381 poetiS‚
2843 4308 2965 4356 cum
