3267 5075
980 433 1437 491 TESTIMONIA
1472 436 1570 489 DE
1610 434 1916 492 LUCILIO.
2466 436 2596 501 293

302 601 605 676 exemplum
669 609 898 676 propter
964 611 1075 658 tres
1144 604 1485 676 potissimum
1553 619 1738 659 causas
1805 604 1868 658 ad
1937 606 2252 678 gravitatem
2321 606 2595 678 epicorum

299 686 831 744 commonstrandam
876 688 1165 760 proposuit
1208 686 1491 744 Horatius:
1535 689 1790 761 primum,
1838 688 1984 762 quod
2014 688 2336 746 discordiam
2366 706 2468 763 pro
2499 689 2598 747 dea

299 771 603 828 discordiae
647 771 803 844 dixit,
848 771 1043 828 deinde
1086 779 1324 855 propter*
1355 772 1629 844 adiectiva,
1680 789 1817 847 quae
1862 781 1990 829 sunt
2035 772 2254 830 ‘taeter’
2299 782 2353 830 et
2406 772 2598 831 ‘ferra-

300 855 449 925 tus';
495 873 527 913 e
572 855 768 930 quibus
812 855 946 912 illud
992 873 1021 911 a
1064 856 1250 912 multis
1306 865 1588 931 poetarum
1633 865 1689 913 et
1733 859 1957 914 maxime
2012 857 2386 915 humilioribus
2442 860 2594 915 vitari

299 943 486 998 monui
534 940 597 995 ad
643 958 691 997 c.
739 941 826 1013 111,
876 941 975 1011 11,
1025 941 1136 1013 19,
1194 942 1298 997 hoc
1353 950 1408 998 et
1462 944 1640 1015 ipsum
1684 949 1748 998 ut
1790 942 1888 998 alia
1934 959 2070 1016 quae
2118 943 2173 999 iu
2219 949 2353 1000 atus
2397 952 2597 1000 exeunt

299 1026 515 1082 maioris
567 1041 689 1082 esse
733 1026 957 1100 spiritus
1014 1033 1228 1082 constat
1291 1025 1596 1101 plerisque3
1653 1026 1886 1101 denique
1943 1035 2167 1101 propter
2219 1026 2593 1084 abundantiam

298 1109 533 1180 dicendi,
580 1125 717 1183 quae
763 1117 847 1165 est
889 1109 1081 1167 inillis
1121 1116 1320 1182 postes
1350 1118 1692 1186 portasque.
1770 1112 1869 1168 hac
1899 1113 2040 1168 enim
2071 1113 2282 1186 saepius
2325 1113 2508 1186 epicos
2541 1121 2595 1170 et

297 1196 539 1269 tragicos
572 1194 806 1267 Vergilio
838 1196 1047 1268 priores
1089 1210 1209 1251 esse
1242 1211 1370 1251 usos
1401 1195 1577 1252 doctis
1608 1196 1750 1252 haud
1792 1197 2061 1271 ignotum.
2105 1227 2192 1238 —
2237 1196 2591 1255 105—106.

295 1282 544 1338 insuevit
582 1287 761 1351 pater
803 1283 1049 1351 optimus
1090 1280 1201 1337 hoc
1243 1296 1332 1338 me
1363 1288 1424 1337 ue
1462 1281 1747 1355 fraglet-em,
1797 1283 2077 1354 exemplis
2116 1285 2377 1339 vitiorum
2421 1298 2595 1356 quae-

296 1380 407 1438 que
453 1365 740 1429 notando‚·
795 1365 897 1420 etsi
952 1363 1083 1420 nihil
1139 1363 1282 1420 laudi
1337 1364 1543 1421 Horatii
1596 1367 1836 1439 parentis
1894 1365 2049 1422 velim
2097 1366 2428 1439 detractum,
2482 1384 2593 1424 non

299 1458 479 1506 tamen
513 1456 722 1522 potest
779 1449 966 1523 negari
1010 1448 1271 1506 Lucilium
1329 1457 1383 1506 et
1426 1451 1603 1524 ipsum
1649 1451 1945 1524 propositis
1991 1450 2283 1526 exempliS,
2345 1468 2483 1525 quae
2529 1468 2594 1508 ex

197 1550 203 1557 ·
296 1532 634 1608 principibus
678 1534 907 1589 civitatis
952 1534 1064 1589 sive
1110 1550 1171 1589 ex
1218 1533 1376 1608 plebe
1418 1551 1521 1608 pro
1553 1533 1777 1591 arbitrio
1809 1543 2132 1607 assumeret,
2177 1537 2431 1592 vitiorum
2470 1552 2593 1609 per·

298 1620 610 1675 versitatem
653 1619 766 1674 sive
810 1617 1121 1674 foeditatem
1177 1620 1391 1692 saepius
1436 1618 1857 1675 demonstrasse.
1947 1636 2048 1677 nec
2089 1618 2347 1677 abhorret
2389 1636 2419 1676 a
2464 1637 2593 1678 vero
2626 1683 2641 1691 ‚

295 1704 554 1759 maiorem
610 1709 816 1777 partem
861 1718 1248 1776 personarum,
1304 1720 1436 1777 quas
1480 1704 1622 1760 solet
1666 1720 1870 1779 ponere
1914 1705 1969 1760 in
2015 1704 2270 1779 exemplis
2316 1704 2591 1778 Horatius,

295 1795 627 1862 assumptam
672 1803 738 1842 ex
782 1785 1009 1844 Lucilio.
1115 1800 1121 1806 ·

468 1871 570 1929 18.
618 1871 801 1930 1-8,
868 1868 1062 1929 Lucili
1102 1901 1184 1915 -—
1227 1879 1289 1930 ut
1344 1875 1578 1930 redeam
1621 1871 1793 1939 illuc}
1842 1873 1895 1928 hi
1942 1890 2159 1944 versuS,
2206 1876 2335 1948 quin
2382 1874 2589 1932 lloratii

295 1966 546 2031 tempore
588 1956 700 2012 sint
744 1958 1031 2030 compositi
1074 1973 1185 2013 non
1229 1965 1315 2014 est
1356 1956 1608 2030 dubium,
1653 1958 1750 2014 sed
1781 1975 1811 2014 a
1842 1975 1951 2032 quo
1995 1960 2290 2022 incertum;
2337 1957 2468 2021 Cato
2498 1960 2591 2016 ille

294 2041 438 2098 haud
476 2040 639 2098 dubie
669 2039 890 2097 Publius
923 2041 1163 2098 Valerius
1206 2040 1360 2114 Cato,
1404 2043 1560 2099 cuius
1603 2044 1764 2099 vitam
1795 2051 2006 2099 enarrat
2036 2044 2349 2101 Suetonius.
2377 2073 2463 2084 -—-
2492 2049 2593 2119 qui

293 2129 442 2183 male
481 2127 684 2200 factos
729 2128 1037 2183 emendare
1075 2133 1257 2197 parat
1297 2142 1534 2191 versus;
1577 2128 1683 2185 hoc
1723 2129 1883 2184 unico
1916 2128 2160 2202 exemplo
2193 2137 2344 2185 certo
2376 2136 2589 2185 constat

294 2207 674 2285 grammaticos
721 2211 980 2284 temporis
1025 2211 1257 2285 Augusti
1301 2211 1629 2287 castigandis
1676 2220 1915 2268 veterum
1946 2223 2230 2287 poetarum
2260 2216 2447 2270 metris
2492 2216 2590 2270 mi·

295 2313 395 2353 nus
441 2293 805 2370 elegantibus,
852 2311 987 2368 quae
1030 2295 1344 2352 viderentur
1367 2297 1541 2371 ipsis,
1587 2313 1806 2371 operam
1851 2313 2104 2368 navasse3
2151 2315 2213 2354 ac
2241 2306 2419 2354 tamen
2456 2300 2586 2373 quin

292 2381 432 2437 idem
478 2389 535 2436 et
578 2380 684 2436 hoc
728 2387 784 2436 et
826 2380 1071 2454 proximo
1114 2380 1331 2438 saeculo
1363 2383 1578 2455 saepius
1607 2382 1861 2438 acciderit
1889 2383 1976 2438 vix
2015 2381 2223 2439 dubito.
2273 2411 2354 2424 -
2400 2382 2586 2441 4—6.

292 2484 404 2540 quo
460 2468 664 2523 melior
721 2467 811 2521 vir
866 2471 920 2522 et
964 2472 1048 2521 est
1099 2468 1268 2542 lonye
1320 2467 1583 2523 subtilior
1626 2468 1756 2540 illo,
1812 2470 1915 2541 qui
1954 2469 2189 2525 multum
2241 2483 2488 2540 puerum
2532 2477 2586 2525 et

289 2554 434 2610 loris
477 2559 534 2608 et
573 2551 818 2624 funibus
863 2551 990 2607 udis
1034 2552 1380 2609 exhortatus
1423 2558 1559 2615 etc.;
1619 2552 1708 2608 hic
1752 2554 1843 2625 qui
1888 2552 2050 2610 fuerit
2095 2554 2402 2610 etiamnunc
2443 2555 2587 2612 inter

291 2636 485 2693 doctos
543 2652 653 2691 non
715 2636 997 2698 convenit;
1056 2634 1269 2709 quidam
1326 2635 1547 2693 Lucium
1605 2635 1862 2693 Orbilium
1916 2646 2324 2712 praeceptorem
2380 2637 2586 2695 Horatii

290 2727 641 2796 putaverunt.
687 2751 772 2761 —
816 2728 1021 2776 contra
1061 2719 1309 2792 fastidia
1355 2729 1590 2785 nostra,·
1636 2737 1773 2795 quae
1818 2729 1994 2778 tamen
2026 2739 2170 2778 saec.
2220 2741 2271 2796 p.
2305 2722 2429 2779 Chr.
2478 2724 2583 2780 n.1

289 2807 450 2862 etiam
495 2804 669 2861 multo
716 2803 869 2864 fuere
911 2806 1135 2861 acriora.
1177 2835 1260 2847 —-
1306 2805 1362 2863 8.
1419 2812 1482 2863 ut
1526 2808 1760 2878 redeam
1802 2809 1973 2871 illuc;
2015 2824 2114 2881 pro
2161 2808 2244 2863 his
2288 2808 2472 2864 nescio
2517 2825 2583 2863 an

290 2890 462 2946 aliena
506 2890 806 2963 antiquitus
853 2889 1043 2945 tradita
1088 2889 1295 2947 fuerint
1349 2898 1403 2946 et
1458 2890 1523 2947 ab
1568 2907 1634 2946 eo
1693 2892 1784 2964 qui
1836 2891 2197 2966 fragmentum
2252 2892 2385 2948 illud
2432 2909 2579 2967 prae-

288 2976 477 3048 posuit
520 2990 681 3056 carm.
728 2974 809 3032 lo
852 2973 944 3030 lib.
993 2974 1013 3030 l
1059 2973 1264 3031 Horatii
1309 2976 1552 3046 inversa,
1599 2992 1708 3049 quo
1754 2976 1946 3033 melius
1989 2976 2385 3051 responderent
2427 2967 2580 3034 initio

288 3068 526 3117 Saturae.

463 3161 563 3218 19.
640 3160 785 3235 quod
829 3169 1013 3217 satura
1044 3169 1235 3235 quarta
1279 3161 1399 3218 libri
1443 3163 1603 3236 primi
1648 3161 1714 3218 de
1742 3161 1948 3219 Lucilio
1978 3163 2282 3237 protulerat
2324 3164 2579 3222 iudicium

292 3246 570 3318 Horatius,
617 3244 706 3301 ubi
750 3245 881 3301 vidit
923 3247 1217 3303 iucurrisse
1260 3249 1315 3303 in
1347 3246 1673 3304 offensiones
1704 3249 2149 3322 antiquariorum,
2194 3250 2295 3305 iam
2324 3256 2579 3306 retracta-

290 3341 403 3387 tum
448 3330 693 3387 defendit
735 3329 974 3387 calidius,
1065 3330 1247 3387 1—4.
1305 3332 1412 3388 huc
1452 3333 1694 3405 respexit
1724 3332 2080 3406 Hieronymus
2124 3334 2284 3408 epist.
2318 3332 2386 3388 ad
2428 3332 2579 3389 Pam·

287 3416 555 3472 machium
601 3423 674 3480 et
700 3414 966 3471 Oceanum
1010 3401 1305 3473 mordetur
1348 3424 1402 3473 et
1445 3418 1718 3487 Lucilius,
1764 3418 1918 3492 quod
1955 3420 2326 3490 incomposito
2371 3427 2580 3475 currat

282 3503 432 3574 pede
476 3508 533 3557 et
577 3506 768 3556 tamen
811 3502 968 3557 sales
1012 3504 1136 3558 eius
1176 3505 1451 3575 leposque
1492 3503 1817 3558 laudantur
1860 3510 1915 3558 et
1959 3518 2018 3557 ea
2053 3518 2212 3575 quam
2257 3501 2322 3558 ad
2354 3511 2577 3559 matrem

285 3595 341 3643 et
397 3584 560 3642 filiam
614 3585 669 3640 in
729 3583 893 3640 Gallia
949 3592 1345 3642 commorantes
1397 3586 1546 3642 dedit
1589 3587 1687 3643 ubi
1738 3590 1839 3644 illa
1896 3589 2181 3661 quondam
2227 3591 2577 3659 constantia,

284 3675 342 3728 in
387 3688 505 3744 qua
551 3671 724 3726 multo
769 3670 894 3726 sale
938 3670 1135 3726 urbem
1178 3669 1273 3743 (ita
1317 3670 1486 3742 docti,
1533 3688 1583 3727 v.
1628 3670 1842 3743 orbem)
1886 3671 2189 3744 defricans
2216 3672 2577 3730 Lucilianum

284 3759 582 3829 quippiam
628 3754 916 3815 rettulisti.
1008 3755 1064 3812 7.
1112 3754 1169 3812 8.
1227 3772 1341 3827 non
1386 3759 1530 3813 satis
1575 3765 1658 3813 est
1704 3761 1829 3813 risu
1870 3758 2145 3813 diducere
2175 3760 2382 3813 rictum
2413 3761 2575 3815 audi-

284 3846 458 3905 toris;
513 3854 676 3894 sane
688 3837 947 3895 Lucilium
990 3840 1258 3896 interdum
1304 3819 1547 3914 cupidius
1593 3842 1860 3939 expetisse
1904 3842 2071 3897 risum
2123 3842 2420 3916 legentium
2466 3860 2574 3899 non

273 3934 469 4000 potest
525 3924 748 3998 negari,
804 3939 983 3998 neque
1037 3924 1237 3981 desunt
1289 3921 1510 3981 facetiae
1564 3927 1715 3997 eiuS,
1771 3942 1908 3999 quae
1963 3926 2055 3982 ad
2092 3943 2330 3983 summae
2386 3944 2574 3983 caveae

283 4016 627 4085 spectatores
670 4010 854 4082 potius
900 4025 1059 4083 quam
1091 4009 1155 4064 ad
1186 4026 1280 4065 eos
1318 4010 1410 4083 qui
1440 4011 1494 4065 in
1525 4009 1929 4094 quatuordecim
1973 4010 2228 4068 sederent
2273 4010 2572 4084 ordinibus,

283 4096 567 4152 videantur
610 4094 903 4167 pertinere.
998 4093 1263 4150 11—14.
1312 4103 1367 4151 et
1411 4110 1673 4151 sermone
1703 4112 1850 4167 opus
1879 4104 1964 4153 est
1995 4098 2154 4153 modo
2186 4098 2354 4165 tristi,
2395 4111 2573 4167 saepe

281 4185 497 4251 iocoso,
527 4178 871 4252 defendente
903 4182 1080 4236 vicem
1109 4180 1269 4236 modo
1292 4181 1541 4236 rhetoris
1571 4187 1744 4253 atque
1769 4188 1998 4252 poetae,
2026 4182 2311 4237 interdum
2340 4182 2572 4252 urbani,

274 4267 585 4338 parcentis
629 4266 847 4321 viribus
891 4271 1065 4337 atque
1109 4267 1481 4321 extenuantis
1513 4280 1627 4322 eas
1672 4268 1963 4328 consulto;
2006 4264 2157 4321 locus
2188 4262 2450 4335 difficilis,
2498 4267 2571 4322 ita

284 4359 460 4406 tamen
496 4357 568 4405 ut.
585 4355 720 4422 puto
750 4347 1170 4425 intellegenduS,
1216 4356 1276 4405 ut
1304 4348 1554 4405 Horatius
1586 4348 1877 4424 exprobret
1906 4348 2132 4421 Lucilio,
2179 4348 2347 4423 quod,
2388 4366 2572 4423 quam-

251 4452 439 4508 -quam
487 4433 688 4489 nimius
728 4440 969 4507 captator
1010 4434 1174 4505 risuS,
1220 4434 1519 4508 elegantiae
1549 4434 1860 4491 facetiarum
1891 4436 2064 4489 minus
2095 4434 2185 4490 ille
2216 4435 2569 4491 consuluerit.
