<?xml version="1.0" encoding="UTF-8"?>
<!DOCTYPE html PUBLIC "-//W3C//DTD XHTML 1.0 Transitional//EN"
    "http://www.w3.org/TR/xhtml1/DTD/xhtml1-transitional.dtd">
<html xmlns="http://www.w3.org/1999/xhtml" xml:lang="en" lang="en">
 <head>
  <title>
</title>
<meta http-equiv="Content-Type" content="text/html;charset=utf-8" />
  <meta name='ocr-system' content='tesseract 3.04.00' />
  <meta name='ocr-capabilities' content='ocr_page ocr_carea ocr_par ocr_line ocrx_word'/>
</head>
<body>
  <div class='ocr_page' id='page_1' title='image "./clucilisaturaru00mlgoog_0341.png"; bbox 0 0 3267 5075; ppageno 0'>
   <div class='ocr_carea' id='block_1_1' title="bbox 1346 329 2657 401">
    <p class='ocr_par' dir='ltr' id='par_1_1' title="bbox 1346 329 2657 401">
     <span class='ocr_line' id='line_1_1' title="bbox 1346 329 2657 401; baseline 0.001 -16"><span class='ocrx_word' id='word_1_1' title='bbox 1346 329 1567 385; x_wconf 73' lang='lat' dir='ltr'>LIBER</span> <span class='ocrx_word' id='word_1_2' title='bbox 1600 333 1695 387; x_wconf 78' lang='lat' dir='ltr'>XI.</span> <span class='ocrx_word' id='word_1_3' title='bbox 2531 338 2657 401; x_wconf 83' lang='lat'>231</span> 
     </span>
    </p>
   </div>
   <div class='ocr_carea' id='block_1_2' title="bbox 355 498 2662 1841">
    <p class='ocr_par' dir='ltr' id='par_1_2' title="bbox 355 498 2662 1841">
     <span class='ocr_line' id='line_1_2' title="bbox 365 498 2657 578; baseline 0.003 -24"><span class='ocrx_word' id='word_1_4' title='bbox 365 499 736 555; x_wconf 87' lang='lat' dir='ltr'>Buechelerus</span> <span class='ocrx_word' id='word_1_5' title='bbox 778 499 844 554; x_wconf 90' lang='lat' dir='ltr'>de</span> <span class='ocrx_word' id='word_1_6' title='bbox 888 498 1000 554; x_wconf 89' lang='lat' dir='ltr'>Lat.</span> <span class='ocrx_word' id='word_1_7' title='bbox 1046 498 1241 555; x_wconf 87' lang='lat' dir='ltr'>declin.</span> <span class='ocrx_word' id='word_1_8' title='bbox 1290 498 1393 570; x_wconf 86' lang='grc'>53,</span> <span class='ocrx_word' id='word_1_9' title='bbox 1435 516 1545 554; x_wconf 90' lang='lat' dir='ltr'>non</span> <span class='ocrx_word' id='word_1_10' title='bbox 1590 507 1760 568; x_wconf 88' lang='lat' dir='ltr'>recte,</span> <span class='ocrx_word' id='word_1_11' title='bbox 1802 516 1923 556; x_wconf 86' lang='lat' dir='ltr'>cum</span> <span class='ocrx_word' id='word_1_12' title='bbox 1969 500 2110 574; x_wconf 88' lang='lat' dir='ltr'>apud</span> <span class='ocrx_word' id='word_1_13' title='bbox 2151 501 2446 558; x_wconf 87' lang='lat' dir='ltr'>Charisium</span> <span class='ocrx_word' id='word_1_14' title='bbox 2492 521 2585 578; x_wconf 85' lang='lat' dir='ltr'>pg.</span> <span class='ocrx_word' id='word_1_15' title='bbox 2624 506 2657 561; x_wconf 85' lang='lat'><strong>7</strong></span> 
     </span>
     <span class='ocr_line' id='line_1_3' title="bbox 366 583 2661 657; baseline 0.003 -18"><span class='ocrx_word' id='word_1_16' title='bbox 366 600 548 657; x_wconf 84' lang='lat' dir='ltr'>nugae</span> <span class='ocrx_word' id='word_1_17' title='bbox 591 600 772 639; x_wconf 85' lang='lat' dir='ltr'>merae</span> <span class='ocrx_word' id='word_1_18' title='bbox 812 583 1119 639; x_wconf 80' lang='lat' dir='ltr'>reserantur</span> <span class='ocrx_word' id='word_1_19' title='bbox 1148 583 1216 640; x_wconf 89' lang='lat' dir='ltr'>de</span> <span class='ocrx_word' id='word_1_20' title='bbox 1246 585 1438 656; x_wconf 83' lang='lat' dir='ltr'>positis</span> <span class='ocrx_word' id='word_1_21' title='bbox 1466 602 1498 639; x_wconf 87' lang='lat' dir='ltr'>a</span> <span class='ocrx_word' id='word_1_22' title='bbox 1529 583 1767 657; x_wconf 85' lang='lat' dir='ltr'>Vergilio</span> <span class='ocrx_word' id='word_1_23' title='bbox 1813 593 1867 641; x_wconf 91' lang='lat' dir='ltr'>et</span> <span class='ocrx_word' id='word_1_24' title='bbox 1899 583 2069 641; x_wconf 85' lang='lat' dir='ltr'>Ennio</span> <span class='ocrx_word' id='word_1_25' title='bbox 2115 586 2262 642; x_wconf 80' lang='lat' dir='ltr'>bisce</span> <span class='ocrx_word' id='word_1_26' title='bbox 2291 591 2456 643; x_wconf 82' lang='lat' dir='ltr'>aulai</span> <span class='ocrx_word' id='word_1_27' title='bbox 2481 590 2661 646; x_wconf 82' lang='lat' dir='ltr'>medio</span> 
     </span>
     <span class='ocr_line' id='line_1_4' title="bbox 366 668 2662 745; baseline 0.001 -21"><span class='ocrx_word' id='word_1_28' title='bbox 366 676 423 724; x_wconf 79' lang='lat' dir='ltr'>et</span> <span class='ocrx_word' id='word_1_29' title='bbox 470 671 663 725; x_wconf 77' lang='lat' dir='ltr'>terrai</span> <span class='ocrx_word' id='word_1_30' title='bbox 698 668 1039 741; x_wconf 75' lang='lat' dir='ltr'>fraqifcrai,</span> <span class='ocrx_word' id='word_1_31' title='bbox 1088 684 1226 741; x_wconf 75' lang='lat' dir='ltr'>quae</span> <span class='ocrx_word' id='word_1_32' title='bbox 1254 677 1404 725; x_wconf 86' lang='lat' dir='ltr'>recte</span> <span class='ocrx_word' id='word_1_33' title='bbox 1433 670 1699 742; x_wconf 81' lang='lat' dir='ltr'>genetivo·</span> <span class='ocrx_word' id='word_1_34' title='bbox 1730 670 1921 741; x_wconf 80' lang='lat' dir='ltr'>asserit</span> <span class='ocrx_word' id='word_1_35' title='bbox 1952 671 2043 742; x_wconf 92' lang='lat' dir='ltr'>qui</span> <span class='ocrx_word' id='word_1_36' title='bbox 2072 670 2292 745; x_wconf 79' lang='lat' dir='ltr'>scripsit</span> <span class='ocrx_word' id='word_1_37' title='bbox 2335 671 2401 726; x_wconf 90' lang='lat' dir='ltr'>dc</span> <span class='ocrx_word' id='word_1_38' title='bbox 2446 674 2662 728; x_wconf 89' lang='lat' dir='ltr'>nominc</span> 
     </span>
     <span class='ocr_line' id='line_1_5' title="bbox 365 751 2659 830; baseline 0.001 -22"><span class='ocrx_word' id='word_1_39' title='bbox 365 760 422 808; x_wconf 91' lang='lat' dir='ltr'>et</span> <span class='ocrx_word' id='word_1_40' title='bbox 466 754 794 826; x_wconf 74' lang='lat' dir='ltr'>pronomine</span> <span class='ocrx_word' id='word_1_41' title='bbox 826 769 917 825; x_wconf 86' lang='lat' dir='ltr'>pg.</span> <span class='ocrx_word' id='word_1_42' title='bbox 954 753 1071 809; x_wconf 80' lang='grc'>127</span> <span class='ocrx_word' id='word_1_43' title='bbox 1119 751 1205 809; x_wconf 89' lang='lat' dir='ltr'>ed.</span> <span class='ocrx_word' id='word_1_44' title='bbox 1255 751 1406 809; x_wconf 86' lang='lat' dir='ltr'>Endl.</span> <span class='ocrx_word' id='word_1_45' title='bbox 1480 762 1628 809; x_wconf 88' lang='lat' dir='ltr'>certe</span> <span class='ocrx_word' id='word_1_46' title='bbox 1672 754 1724 810; x_wconf 89' lang='lat' dir='ltr'>h.</span> <span class='ocrx_word' id='word_1_47' title='bbox 1768 753 1806 808; x_wconf 89' lang='grc' dir='ltr'>Ι.</span> <span class='ocrx_word' id='word_1_48' title='bbox 1854 770 1950 809; x_wconf 89' lang='lat' dir='ltr'>cur</span> <span class='ocrx_word' id='word_1_49' title='bbox 1993 753 2228 810; x_wconf 84' lang='lat' dir='ltr'>dativum</span> <span class='ocrx_word' id='word_1_50' title='bbox 2271 757 2455 829; x_wconf 88' lang='lat' dir='ltr'>potius</span> <span class='ocrx_word' id='word_1_51' title='bbox 2501 773 2659 830; x_wconf 87' lang='lat' dir='ltr'>quam</span> 
     </span>
     <span class='ocr_line' id='line_1_6' title="bbox 365 833 2659 912; baseline 0.001 -19"><span class='ocrx_word' id='word_1_52' title='bbox 365 838 685 911; x_wconf 80' lang='lat' dir='ltr'><strong>genetivum</strong></span> <span class='ocrx_word' id='word_1_53' title='bbox 729 833 1115 893; x_wconf 82' lang='lat' dir='ltr'>&#39;existimemus</span> <span class='ocrx_word' id='word_1_54' title='bbox 1181 836 1314 892; x_wconf 90' lang='lat' dir='ltr'>illud</span> <span class='ocrx_word' id='word_1_55' title='bbox 1381 841 1500 895; x_wconf 83' lang='lat' dir='ltr'>viai</span> <span class='ocrx_word' id='word_1_56' title='bbox 1562 854 1673 894; x_wconf 89' lang='lat' dir='ltr'>non</span> <span class='ocrx_word' id='word_1_57' title='bbox 1731 836 1930 904; x_wconf 82' lang='lat' dir='ltr'>l1abe03</span> <span class='ocrx_word' id='word_1_58' title='bbox 1996 840 2279 912; x_wconf 74' lang='lat' dir='ltr'>genetivus</span> <span class='ocrx_word' id='word_1_59' title='bbox 2334 842 2389 895; x_wconf 92' lang='lat' dir='ltr'>in</span> <span class='ocrx_word' id='word_1_60' title='bbox 2446 841 2494 895; x_wconf 82' lang='lat' dir='ltr'>ai</span> <span class='ocrx_word' id='word_1_61' title='bbox 2551 840 2659 896; x_wconf 87' lang='lat' dir='ltr'>sre-</span> 
     </span>
     <span class='ocr_line' id='line_1_7' title="bbox 365 920 2660 994; baseline 0 -16"><span class='ocrx_word' id='word_1_62' title='bbox 365 930 600 994; x_wconf 83' lang='lat' dir='ltr'>quentes</span> <span class='ocrx_word' id='word_1_63' title='bbox 648 922 817 977; x_wconf 83' lang='lat' dir='ltr'>fuisse</span> <span class='ocrx_word' id='word_1_64' title='bbox 846 920 1035 977; x_wconf 85' lang='lat' dir='ltr'>Lucilii</span> <span class='ocrx_word' id='word_1_65' title='bbox 1079 920 1227 979; x_wconf 88' lang='lat' dir='ltr'>libris</span> <span class='ocrx_word' id='word_1_66' title='bbox 1262 929 1321 977; x_wconf 91' lang='lat' dir='ltr'>ut</span> <span class='ocrx_word' id='word_1_67' title='bbox 1364 930 1491 994; x_wconf 86' lang='lat' dir='ltr'>post</span> <span class='ocrx_word' id='word_1_68' title='bbox 1537 921 1828 978; x_wconf 82' lang='lat' dir='ltr'>editionem</span> <span class='ocrx_word' id='word_1_69' title='bbox 1860 931 2099 978; x_wconf 86' lang='lat' dir='ltr'>nostram</span> <span class='ocrx_word' id='word_1_70' title='bbox 2144 923 2284 979; x_wconf 84' lang='lat' dir='ltr'>haud</span> <span class='ocrx_word' id='word_1_71' title='bbox 2328 925 2434 979; x_wconf 88' lang='lat' dir='ltr'>erit</span> <span class='ocrx_word' id='word_1_72' title='bbox 2467 924 2660 980; x_wconf 87' lang='lat' dir='ltr'>obscu-</span> 
     </span>
     <span class='ocr_line' id='line_1_8' title="bbox 362 1004 2661 1082; baseline 0.002 -21"><span class='ocrx_word' id='word_1_73' title='bbox 362 1023 501 1077; x_wconf 83' lang='lat' dir='ltr'>ram,</span> <span class='ocrx_word' id='word_1_74' title='bbox 548 1007 623 1061; x_wconf 86' lang='lat' dir='ltr'>ita</span> <span class='ocrx_word' id='word_1_75' title='bbox 672 1004 942 1061; x_wconf 78' lang='lat' dir='ltr'>fatendum</span> <span class='ocrx_word' id='word_1_76' title='bbox 986 1023 1056 1060; x_wconf 86' lang='lat' dir='ltr'>ne</span> <span class='ocrx_word' id='word_1_77' title='bbox 1100 1005 1269 1062; x_wconf 88' lang='lat' dir='ltr'>semel</span> <span class='ocrx_word' id='word_1_78' title='bbox 1313 1006 1529 1079; x_wconf 88' lang='lat' dir='ltr'>quidem</span> <span class='ocrx_word' id='word_1_79' title='bbox 1575 1006 1901 1080; x_wconf 81' lang='lat' dir='ltr'>corruptelis</span> <span class='ocrx_word' id='word_1_80' title='bbox 1945 1022 2127 1064; x_wconf 88' lang='lat' dir='ltr'>carere</span> <span class='ocrx_word' id='word_1_81' title='bbox 2176 1016 2403 1082; x_wconf 88' lang='lat' dir='ltr'>propter</span> <span class='ocrx_word' id='word_1_82' title='bbox 2446 1010 2661 1082; x_wconf 89' lang='lat' dir='ltr'>imperi-</span> 
     </span>
     <span class='ocr_line' id='line_1_9' title="bbox 363 1089 2657 1166; baseline 0 -18"><span class='ocrx_word' id='word_1_83' title='bbox 363 1093 496 1148; x_wconf 87' lang='lat' dir='ltr'>tiam</span> <span class='ocrx_word' id='word_1_84' title='bbox 541 1089 904 1161; x_wconf 82' lang='lat' dir='ltr'>librariorum,</span> <span class='ocrx_word' id='word_1_85' title='bbox 950 1092 1043 1163; x_wconf 89' lang='lat' dir='ltr'>qui</span> <span class='ocrx_word' id='word_1_86' title='bbox 1088 1091 1171 1145; x_wconf 81' lang='lat' dir='ltr'>vix</span> <span class='ocrx_word' id='word_1_87' title='bbox 1202 1090 1493 1165; x_wconf 74' lang='lat' dir='ltr'>quidquam</span> <span class='ocrx_word' id='word_1_88' title='bbox 1525 1092 1678 1164; x_wconf 87' lang='lat' dir='ltr'>peius</span> <span class='ocrx_word' id='word_1_89' title='bbox 1709 1091 1874 1146; x_wconf 89' lang='lat' dir='ltr'>odere</span> <span class='ocrx_word' id='word_1_90' title='bbox 1918 1091 2090 1147; x_wconf 87' lang='lat' dir='ltr'>forma</span> <span class='ocrx_word' id='word_1_91' title='bbox 2134 1093 2263 1148; x_wconf 86' lang='lat' dir='ltr'>ista:</span> <span class='ocrx_word' id='word_1_92' title='bbox 2311 1094 2431 1166; x_wconf 91' lang='lat' dir='ltr'>quis</span> <span class='ocrx_word' id='word_1_93' title='bbox 2479 1101 2657 1149; x_wconf 86' lang='lat' dir='ltr'>tamen</span> 
     </span>
     <span class='ocr_line' id='line_1_10' title="bbox 362 1175 2655 1249; baseline 0.001 -18"><span class='ocrx_word' id='word_1_94' title='bbox 362 1184 553 1249; x_wconf 86' lang='lat' dir='ltr'>aperta</span> <span class='ocrx_word' id='word_1_95' title='bbox 597 1176 759 1230; x_wconf 90' lang='lat' dir='ltr'>metri</span> <span class='ocrx_word' id='word_1_96' title='bbox 789 1175 1110 1230; x_wconf 84' lang='lat' dir='ltr'>necessitate</span> <span class='ocrx_word' id='word_1_97' title='bbox 1153 1184 1215 1231; x_wconf 90' lang='lat' dir='ltr'>ut</span> <span class='ocrx_word' id='word_1_98' title='bbox 1245 1182 1374 1248; x_wconf 86' lang='lat' dir='ltr'>puta</span> <span class='ocrx_word' id='word_1_99' title='bbox 1417 1176 1472 1231; x_wconf 92' lang='lat' dir='ltr'>in</span> <span class='ocrx_word' id='word_1_100' title='bbox 1510 1176 1593 1231; x_wconf 89' lang='lat' dir='ltr'>his</span> <span class='ocrx_word' id='word_1_101' title='bbox 1625 1176 1804 1246; x_wconf 74' lang='lat' dir='ltr'>ralia,</span> <span class='ocrx_word' id='word_1_102' title='bbox 1843 1176 2029 1249; x_wconf 81' lang='lat' dir='ltr'>ferat,</span> <span class='ocrx_word' id='word_1_103' title='bbox 2077 1180 2204 1248; x_wconf 78' lang='lat' dir='ltr'>vim,</span> <span class='ocrx_word' id='word_1_104' title='bbox 2241 1180 2481 1248; x_wconf 79' lang='lat' dir='ltr'>patriae</span> <span class='ocrx_word' id='word_1_105' title='bbox 2511 1177 2655 1234; x_wconf 87' lang='lat' dir='ltr'>aliud</span> 
     </span>
     <span class='ocr_line' id='line_1_11' title="bbox 361 1257 2658 1339; baseline 0.001 -23"><span class='ocrx_word' id='word_1_106' title='bbox 361 1260 535 1317; x_wconf 89' lang='lat' dir='ltr'>latere</span> <span class='ocrx_word' id='word_1_107' title='bbox 567 1257 876 1333; x_wconf 77' lang='lat' dir='ltr'>opinabitur</span> <span class='ocrx_word' id='word_1_108' title='bbox 919 1275 1078 1332; x_wconf 88' lang='lat' dir='ltr'>quam</span> <span class='ocrx_word' id='word_1_109' title='bbox 1109 1263 1284 1330; x_wconf 81' lang='lat' dir='ltr'>rutai,</span> <span class='ocrx_word' id='word_1_110' title='bbox 1324 1260 1502 1331; x_wconf 71' lang='lat' dir='ltr'>ferai,</span> <span class='ocrx_word' id='word_1_111' title='bbox 1552 1263 1686 1330; x_wconf 81' lang='lat' dir='ltr'>viai,</span> <span class='ocrx_word' id='word_1_112' title='bbox 1728 1262 1993 1332; x_wconf 78' lang='lat' dir='ltr'>patriai?</span> <span class='ocrx_word' id='word_1_113' title='bbox 2035 1290 2121 1301; x_wconf 91' lang='grc'>--</span> <span class='ocrx_word' id='word_1_114' title='bbox 2164 1278 2395 1339; x_wconf 62' lang='lat' dir='ltr'>agerem</span> <span class='ocrx_word' id='word_1_115' title='bbox 2427 1279 2526 1335; x_wconf 91' lang='lat' dir='ltr'>pro</span> <span class='ocrx_word' id='word_1_116' title='bbox 2557 1281 2658 1336; x_wconf 71' lang='lat' dir='ltr'>aq-</span> 
     </span>
     <span class='ocr_line' id='line_1_12' title="bbox 357 1344 2654 1418; baseline 0.001 -19"><span class='ocrx_word' id='word_1_117' title='bbox 357 1360 578 1418; x_wconf 70' lang='lat' dir='ltr'>yerem.</span> <span class='ocrx_word' id='word_1_118' title='bbox 635 1374 722 1385; x_wconf 91' lang='lat'>--</span> <span class='ocrx_word' id='word_1_119' title='bbox 777 1345 994 1406; x_wconf 82' lang='lat' dir='ltr'>rudus,·</span> <span class='ocrx_word' id='word_1_120' title='bbox 1050 1352 1290 1417; x_wconf 85' lang='lat' dir='ltr'>nugatur</span> <span class='ocrx_word' id='word_1_121' title='bbox 1330 1344 1561 1407; x_wconf 85' lang='lat' dir='ltr'>Nonius;</span> <span class='ocrx_word' id='word_1_122' title='bbox 1619 1344 1842 1400; x_wconf 78' lang='lat' dir='ltr'>meliora</span> <span class='ocrx_word' id='word_1_123' title='bbox 1899 1345 1966 1401; x_wconf 89' lang='lat' dir='ltr'>de</span> <span class='ocrx_word' id='word_1_124' title='bbox 2010 1344 2276 1401; x_wconf 86' lang='lat' dir='ltr'>vocabulo</span> <span class='ocrx_word' id='word_1_125' title='bbox 2304 1344 2499 1403; x_wconf 80' lang='lat' dir='ltr'>&#39;rodus</span> <span class='ocrx_word' id='word_1_126' title='bbox 2543 1347 2654 1402; x_wconf 91' lang='lat' dir='ltr'>sive</span> 
     </span>
     <span class='ocr_line' id='line_1_13' title="bbox 357 1422 2654 1502; baseline 0 -17"><span class='ocrx_word' id='word_1_127' title='bbox 357 1431 593 1485; x_wconf 80' lang='lat' dir='ltr'>raudus</span> <span class='ocrx_word' id='word_1_128' title='bbox 622 1428 706 1483; x_wconf 84' lang='lat' dir='ltr'>vel</span> <span class='ocrx_word' id='word_1_129' title='bbox 737 1430 919 1485; x_wconf 82' lang='lat' dir='ltr'>rudus</span> <span class='ocrx_word' id='word_1_130' title='bbox 951 1422 1329 1502; x_wconf 86' lang='lat' dir='ltr'>(veriloquium</span> <span class='ocrx_word' id='word_1_131' title='bbox 1374 1430 1420 1483; x_wconf 91' lang='lat' dir='ltr'>si</span> <span class='ocrx_word' id='word_1_132' title='bbox 1465 1427 1731 1499; x_wconf 88' lang='lat' dir='ltr'>omiseris)</span> <span class='ocrx_word' id='word_1_133' title='bbox 1776 1428 1949 1484; x_wconf 75' lang='lat' dir='ltr'>adfert</span> <span class='ocrx_word' id='word_1_134' title='bbox 1979 1428 2172 1485; x_wconf 84' lang='lat' dir='ltr'>Festus</span> <span class='ocrx_word' id='word_1_135' title='bbox 2203 1430 2344 1487; x_wconf 84' lang='grc'><strong>265.</strong></span> <span class='ocrx_word' id='word_1_136' title='bbox 2413 1439 2654 1487; x_wconf 90' lang='lat' dir='ltr'>ceterum</span> 
     </span>
     <span class='ocr_line' id='line_1_14' title="bbox 356 1510 2657 1589; baseline 0 -19"><span class='ocrx_word' id='word_1_137' title='bbox 356 1516 589 1570; x_wconf 83' lang='lat' dir='ltr'>raudus</span> <span class='ocrx_word' id='word_1_138' title='bbox 620 1514 869 1586; x_wconf 74' lang='lat' dir='ltr'>posuisse</span> <span class='ocrx_word' id='word_1_139' title='bbox 898 1513 1129 1568; x_wconf 88' lang='lat' dir='ltr'>Nonium</span> <span class='ocrx_word' id='word_1_140' title='bbox 1160 1511 1450 1585; x_wconf 50' lang='lat' dir='ltr'>probabile*</span> <span class='ocrx_word' id='word_1_141' title='bbox 1476 1512 1536 1567; x_wconf 81' lang='lat' dir='ltr'>fit</span> <span class='ocrx_word' id='word_1_142' title='bbox 1564 1520 1795 1586; x_wconf 90' lang='lat' dir='ltr'>propter</span> <span class='ocrx_word' id='word_1_143' title='bbox 1823 1510 2206 1587; x_wconf 78' lang='lat' dir='ltr'>etymologiam</span> <span class='ocrx_word' id='word_1_144' title='bbox 2238 1532 2398 1589; x_wconf 83' lang='lat' dir='ltr'>quam</span> <span class='ocrx_word' id='word_1_145' title='bbox 2428 1515 2537 1571; x_wconf 88' lang='lat' dir='ltr'>dat.</span> <span class='ocrx_word' id='word_1_146' title='bbox 2570 1546 2657 1555; x_wconf 88' lang='lat'>—-</span> 
     </span>
     <span class='ocr_line' id='line_1_15' title="bbox 355 1598 2650 1670; baseline 0.001 -17"><span class='ocrx_word' id='word_1_147' title='bbox 355 1598 430 1654; x_wconf 79' lang='lat' dir='ltr'>el’.</span> <span class='ocrx_word' id='word_1_148' title='bbox 475 1598 545 1654; x_wconf 88' lang='lat' dir='ltr'>de</span> <span class='ocrx_word' id='word_1_149' title='bbox 591 1598 779 1653; x_wconf 79' lang='lat' dir='ltr'>formis</span> <span class='ocrx_word' id='word_1_150' title='bbox 824 1600 1048 1654; x_wconf 79' lang='lat' dir='ltr'>raudus</span> <span class='ocrx_word' id='word_1_151' title='bbox 1090 1599 1268 1654; x_wconf 85' lang='lat' dir='ltr'>rodus</span> <span class='ocrx_word' id='word_1_152' title='bbox 1311 1599 1495 1654; x_wconf 84' lang='lat' dir='ltr'>rudus</span> <span class='ocrx_word' id='word_1_153' title='bbox 1524 1598 1751 1670; x_wconf 80' lang='lat' dir='ltr'>interpr.</span> <span class='ocrx_word' id='word_1_154' title='bbox 1784 1598 1847 1652; x_wconf 87' lang='lat' dir='ltr'>ad</span> <span class='ocrx_word' id='word_1_155' title='bbox 1893 1599 2036 1654; x_wconf 87' lang='lat' dir='ltr'>Fest.</span> <span class='ocrx_word' id='word_1_156' title='bbox 2069 1598 2212 1655; x_wconf 84' lang='lat'>265.</span> <span class='ocrx_word' id='word_1_157' title='bbox 2247 1599 2402 1667; x_wconf 84' lang='lat'><strong>275;</strong></span> <span class='ocrx_word' id='word_1_158' title='bbox 2448 1598 2650 1655; x_wconf 84' lang='lat' dir='ltr'>Ritsch.</span> 
     </span>
     <span class='ocr_line' id='line_1_16' title="bbox 357 1681 760 1757; baseline 0.005 -19"><span class='ocrx_word' id='word_1_159' title='bbox 357 1700 452 1757; x_wconf 89' lang='lat' dir='ltr'>op.</span> <span class='ocrx_word' id='word_1_160' title='bbox 501 1683 567 1753; x_wconf 81' lang='grc' dir='ltr'>ΙΙ,</span> <span class='ocrx_word' id='word_1_161' title='bbox 615 1681 760 1741; x_wconf 80' lang='lat'>425.</span> 
     </span>
     <span class='ocr_line' id='line_1_17' title="bbox 530 1766 2374 1841; baseline 0 -18"><span class='ocrx_word' id='word_1_162' title='bbox 530 1768 590 1823; x_wconf 88' lang='grc'>4.</span> <span class='ocrx_word' id='word_1_163' title='bbox 669 1774 853 1840; x_wconf 83' lang='lat' dir='ltr'>aperte</span> <span class='ocrx_word' id='word_1_164' title='bbox 897 1767 1140 1841; x_wconf 84' lang='lat' dir='ltr'>tangitur</span> <span class='ocrx_word' id='word_1_165' title='bbox 1182 1768 1251 1838; x_wconf 77' lang='lat' dir='ltr'>is&#39;,</span> <span class='ocrx_word' id='word_1_166' title='bbox 1296 1766 1363 1822; x_wconf 87' lang='lat' dir='ltr'>dc</span> <span class='ocrx_word' id='word_1_167' title='bbox 1407 1784 1517 1840; x_wconf 90' lang='lat' dir='ltr'>quo</span> <span class='ocrx_word' id='word_1_168' title='bbox 1564 1767 1672 1837; x_wconf 83' lang='lat' dir='ltr'>Vll,</span> <span class='ocrx_word' id='word_1_169' title='bbox 1719 1766 1756 1823; x_wconf 87' lang='lat'><strong>3</strong></span> <span class='ocrx_word' id='word_1_170' title='bbox 1804 1767 1936 1822; x_wconf 83' lang='lat' dir='ltr'>haec</span> <span class='ocrx_word' id='word_1_171' title='bbox 1978 1774 2162 1823; x_wconf 79' lang='lat' dir='ltr'>extant</span> <span class='ocrx_word' id='word_1_172' title='bbox 2207 1767 2374 1824; x_wconf 83' lang='lat' dir='ltr'>dicta:</span> 
     </span>
    </p>
   </div>
   <div class='ocr_carea' id='block_1_3' title="bbox 618 1877 2179 2037">
    <p class='ocr_par' dir='ltr' id='par_1_3' title="bbox 618 1877 2179 2037">
     <span class='ocr_line' id='line_1_18' title="bbox 618 1877 2179 1972; baseline 0.002 -23"><span class='ocrx_word' id='word_1_173' title='bbox 618 1912 761 1950; x_wconf 88' lang='lat' dir='ltr'>nunc</span> <span class='ocrx_word' id='word_1_174' title='bbox 804 1904 1025 1969; x_wconf 85' lang='lat' dir='ltr'>praetor</span> <span class='ocrx_word' id='word_1_175' title='bbox 1069 1902 1195 1950; x_wconf 88' lang='lat' dir='ltr'>tuus</span> <span class='ocrx_word' id='word_1_176' title='bbox 1240 1903 1324 1951; x_wconf 85' lang='lat' dir='ltr'>est</span> <span class='ocrx_word' id='word_1_177' title='bbox 1369 1895 1531 1969; x_wconf 84' lang='lat' dir='ltr'>meu&#39;‚</span> <span class='ocrx_word' id='word_1_178' title='bbox 1576 1896 1621 1951; x_wconf 90' lang='lat' dir='ltr'>si</span> <span class='ocrx_word' id='word_1_179' title='bbox 1665 1895 1960 1952; x_wconf 86' lang='lat' dir='ltr'>decesserit</span> <span class='ocrx_word' id='word_1_180' title='bbox 1992 1877 2179 1972; x_wconf 69' lang='lat' dir='ltr'>borno</span> 
     </span>
     <span class='ocr_line' id='line_1_19' title="bbox 618 1979 989 2037; baseline 0.005 -2"><span class='ocrx_word' id='word_1_181' title='bbox 618 1979 861 2037; x_wconf 80' lang='lat' dir='ltr'>Gentius,</span> <span class='ocrx_word' id='word_1_182' title='bbox 906 2010 989 2020; x_wconf 90' lang='lat'><strong>—</strong></span> 
     </span>
    </p>
   </div>
   <div class='ocr_carea' id='block_1_4' title="bbox 301 2110 2651 4262">
    <p class='ocr_par' dir='ltr' id='par_1_4' title="bbox 354 2110 2651 2276">
     <span class='ocr_line' id='line_1_20' title="bbox 354 2110 2651 2192; baseline 0 -18"><span class='ocrx_word' id='word_1_183' title='bbox 354 2127 588 2183; x_wconf 73' lang='lat' dir='ltr'>mater,-</span> <span class='ocrx_word' id='word_1_184' title='bbox 649 2117 872 2174; x_wconf 88' lang='lat' dir='ltr'>videnda</span> <span class='ocrx_word' id='word_1_185' title='bbox 929 2134 1065 2192; x_wconf 90' lang='lat' dir='ltr'>quae</span> <span class='ocrx_word' id='word_1_186' title='bbox 1121 2116 1355 2173; x_wconf 82' lang='lat' dir='ltr'>diximus</span> <span class='ocrx_word' id='word_1_187' title='bbox 1410 2117 1474 2173; x_wconf 88' lang='lat' dir='ltr'>ad</span> <span class='ocrx_word' id='word_1_188' title='bbox 1519 2117 1638 2189; x_wconf 82' lang='lat' dir='ltr'>Vn,</span> <span class='ocrx_word' id='word_1_189' title='bbox 1685 2118 1742 2175; x_wconf 86' lang='lat'>3.</span> <span class='ocrx_word' id='word_1_190' title='bbox 1799 2149 1881 2161; x_wconf 89' lang='lat'>—-</span> <span class='ocrx_word' id='word_1_191' title='bbox 1920 2121 2107 2191; x_wconf 78' lang='lat' dir='ltr'>‘quam</span> <span class='ocrx_word' id='word_1_192' title='bbox 2149 2119 2386 2190; x_wconf 85' lang='lat' dir='ltr'>spureu&#39;</span> <span class='ocrx_word' id='word_1_193' title='bbox 2432 2124 2504 2177; x_wconf 81' lang='lat' dir='ltr'>sit</span> <span class='ocrx_word' id='word_1_194' title='bbox 2534 2110 2651 2177; x_wconf 52' lang='lat' dir='ltr'>&#39;ore</span> 
     </span>
     <span class='ocr_line' id='line_1_21' title="bbox 354 2202 2482 2276; baseline -0 -15"><span class='ocrx_word' id='word_1_195' title='bbox 354 2206 389 2261; x_wconf 92' lang='lat' dir='ltr'>i.</span> <span class='ocrx_word' id='word_1_196' title='bbox 420 2221 469 2261; x_wconf 90' lang='lat' dir='ltr'>e.</span> <span class='ocrx_word' id='word_1_197' title='bbox 520 2209 809 2267; x_wconf 55' lang='lat' dir='ltr'>incestu&amp;</span> <span class='ocrx_word' id='word_1_198' title='bbox 853 2202 1031 2276; x_wconf 83' lang='lat' dir='ltr'>suppl.</span> <span class='ocrx_word' id='word_1_199' title='bbox 1078 2204 1339 2260; x_wconf 81' lang='lat' dir='ltr'>narrabo</span> <span class='ocrx_word' id='word_1_200' title='bbox 1384 2202 1465 2257; x_wconf 88' lang='lat' dir='ltr'>vel</span> <span class='ocrx_word' id='word_1_201' title='bbox 1511 2202 1706 2259; x_wconf 86' lang='lat' dir='ltr'>simile.</span> <span class='ocrx_word' id='word_1_202' title='bbox 1796 2202 1934 2258; x_wconf 88' lang='lat' dir='ltr'>male</span> <span class='ocrx_word' id='word_1_203' title='bbox 1977 2202 2141 2276; x_wconf 82' lang='lat' dir='ltr'>vulgo</span> <span class='ocrx_word' id='word_1_204' title='bbox 2189 2212 2482 2275; x_wconf 84' lang='lat' dir='ltr'>spurcust.</span> 
     </span>
    </p>

    <p class='ocr_par' dir='ltr' id='par_1_5' title="bbox 352 2284 2648 2449">
     <span class='ocr_line' id='line_1_22' title="bbox 407 2284 2648 2363; baseline -0.001 -17"><span class='ocrx_word' id='word_1_205' title='bbox 407 2284 418 2293; x_wconf 84' lang='lat'>&#39;</span> <span class='ocrx_word' id='word_1_206' title='bbox 529 2290 590 2346; x_wconf 86' lang='lat'>5.</span> <span class='ocrx_word' id='word_1_207' title='bbox 669 2304 856 2344; x_wconf 81' lang='lat' dir='ltr'>annos</span> <span class='ocrx_word' id='word_1_208' title='bbox 909 2306 956 2343; x_wconf 89' lang='lat' dir='ltr'>e.</span> <span class='ocrx_word' id='word_1_209' title='bbox 1012 2305 1066 2360; x_wconf 89' lang='lat' dir='ltr'>q.</span> <span class='ocrx_word' id='word_1_210' title='bbox 1108 2305 1186 2355; x_wconf 75' lang='grc'><strong>3.,</strong></span> <span class='ocrx_word' id='word_1_211' title='bbox 1171 2286 1487 2343; x_wconf 54' lang='lat' dir='ltr'>‘eiusdem</span> <span class='ocrx_word' id='word_1_212' title='bbox 1546 2287 1689 2343; x_wconf 87' lang='lat' dir='ltr'>haud</span> <span class='ocrx_word' id='word_1_213' title='bbox 1749 2286 1907 2342; x_wconf 86' lang='lat' dir='ltr'>dubie</span> <span class='ocrx_word' id='word_1_214' title='bbox 1968 2285 2159 2359; x_wconf 82' lang='lat' dir='ltr'>verba,</span> <span class='ocrx_word' id='word_1_215' title='bbox 2218 2290 2310 2362; x_wconf 89' lang='lat' dir='ltr'>qui</span> <span class='ocrx_word' id='word_1_216' title='bbox 2366 2288 2558 2363; x_wconf 83' lang='lat' dir='ltr'>fragm.</span> <span class='ocrx_word' id='word_1_217' title='bbox 2608 2289 2648 2344; x_wconf 89' lang='lat'>4</span> 
     </span>
     <span class='ocr_line' id='line_1_23' title="bbox 352 2364 930 2449; baseline -0.005 -20"><span class='ocrx_word' id='word_1_218' title='bbox 352 2375 591 2449; x_wconf 88' lang='lat' dir='ltr'>loquens</span> <span class='ocrx_word' id='word_1_219' title='bbox 636 2364 930 2429; x_wconf 85' lang='lat' dir='ltr'>inducitur.</span> 
     </span>
    </p>

    <p class='ocr_par' dir='ltr' id='par_1_6' title="bbox 351 2455 2647 2870">
     <span class='ocr_line' id='line_1_24' title="bbox 527 2455 2647 2536; baseline -0 -21"><span class='ocrx_word' id='word_1_220' title='bbox 527 2459 587 2515; x_wconf 90' lang='grc'><strong>6.</strong></span> <span class='ocrx_word' id='word_1_221' title='bbox 658 2457 724 2513; x_wconf 89' lang='lat' dir='ltr'>de</span> <span class='ocrx_word' id='word_1_222' title='bbox 769 2457 962 2512; x_wconf 85' lang='lat' dir='ltr'>Granio</span> <span class='ocrx_word' id='word_1_223' title='bbox 1008 2458 1079 2512; x_wconf 86' lang='lat' dir='ltr'>ita</span> <span class='ocrx_word' id='word_1_224' title='bbox 1125 2455 1332 2512; x_wconf 86' lang='lat' dir='ltr'>Tullius</span> <span class='ocrx_word' id='word_1_225' title='bbox 1378 2474 1478 2530; x_wconf 87' lang='lat' dir='ltr'>pro</span> <span class='ocrx_word' id='word_1_226' title='bbox 1522 2456 1700 2512; x_wconf 85' lang='lat' dir='ltr'>Plane.</span> <span class='ocrx_word' id='word_1_227' title='bbox 1753 2456 1852 2529; x_wconf 84' lang='lat'>14,</span> <span class='ocrx_word' id='word_1_228' title='bbox 1884 2457 1991 2513; x_wconf 84' lang='grc'><strong>33.</strong></span> <span class='ocrx_word' id='word_1_229' title='bbox 2037 2460 2136 2513; x_wconf 81' lang='lat' dir='ltr'>ille</span> <span class='ocrx_word' id='word_1_230' title='bbox 2179 2458 2243 2513; x_wconf 82' lang='lat' dir='ltr'>L.</span> <span class='ocrx_word' id='word_1_231' title='bbox 2288 2457 2506 2536; x_wconf 81' lang='lat' dir='ltr'>Crassi,</span> <span class='ocrx_word' id='word_1_232' title='bbox 2550 2461 2647 2514; x_wconf 84' lang='lat' dir='ltr'>ille</span> 
     </span>
     <span class='ocr_line' id='line_1_25' title="bbox 352 2543 2643 2615; baseline -0.002 -12"><span class='ocrx_word' id='word_1_233' title='bbox 352 2547 444 2603; x_wconf 77' lang='lat' dir='ltr'>M:</span> <span class='ocrx_word' id='word_1_234' title='bbox 467 2546 689 2601; x_wconf 68' lang='lat' dir='ltr'>Antoni</span> <span class='ocrx_word' id='word_1_235' title='bbox 715 2546 1060 2600; x_wconf 78' lang='lat' dir='ltr'>voluntatem</span> <span class='ocrx_word' id='word_1_236' title='bbox 1091 2545 1485 2614; x_wconf 77' lang='lat' dir='ltr'>asperioribus</span> <span class='ocrx_word' id='word_1_237' title='bbox 1521 2543 1761 2614; x_wconf 82' lang='lat' dir='ltr'>facetiis</span> <span class='ocrx_word' id='word_1_238' title='bbox 1801 2558 1982 2614; x_wconf 81' lang='lat' dir='ltr'>saepe</span> <span class='ocrx_word' id='word_1_239' title='bbox 2016 2546 2368 2614; x_wconf 78' lang='lat' dir='ltr'>perstrinxit</span> <span class='ocrx_word' id='word_1_240' title='bbox 2410 2546 2643 2615; x_wconf 83' lang='lat' dir='ltr'>inpune.</span> 
     </span>
     <span class='ocr_line' id='line_1_26' title="bbox 351 2625 2647 2702; baseline -0.001 -16"><span class='ocrx_word' id='word_1_241' title='bbox 351 2630 494 2686; x_wconf 88' lang='lat' dir='ltr'>idem</span> <span class='ocrx_word' id='word_1_242' title='bbox 542 2645 631 2702; x_wconf 89' lang='lat' dir='ltr'>ep.</span> <span class='ocrx_word' id='word_1_243' title='bbox 676 2626 740 2682; x_wconf 86' lang='lat' dir='ltr'>ad</span> <span class='ocrx_word' id='word_1_244' title='bbox 786 2627 908 2683; x_wconf 81' lang='lat' dir='ltr'>fam.</span> <span class='ocrx_word' id='word_1_245' title='bbox 955 2625 1104 2691; x_wconf 90' lang='lat' dir='ltr'>Vllll,</span> <span class='ocrx_word' id='word_1_246' title='bbox 1157 2626 1231 2683; x_wconf 87' lang='lat'>15</span> <span class='ocrx_word' id='word_1_247' title='bbox 1278 2626 1503 2682; x_wconf 85' lang='lat' dir='ltr'>Granios</span> <span class='ocrx_word' id='word_1_248' title='bbox 1558 2644 1679 2684; x_wconf 90' lang='lat' dir='ltr'>cum</span> <span class='ocrx_word' id='word_1_249' title='bbox 1722 2626 1941 2682; x_wconf 89' lang='lat' dir='ltr'>Luciliis</span> <span class='ocrx_word' id='word_1_250' title='bbox 1986 2626 2298 2700; x_wconf 79' lang='lat' dir='ltr'>crassisque</span> <span class='ocrx_word' id='word_1_251' title='bbox 2343 2635 2399 2683; x_wconf 88' lang='lat' dir='ltr'>et</span> <span class='ocrx_word' id='word_1_252' title='bbox 2451 2627 2647 2684; x_wconf 88' lang='lat' dir='ltr'>Laeliis</span> 
     </span>
     <span class='ocr_line' id='line_1_27' title="bbox 351 2710 2644 2785; baseline -0 -16"><span class='ocrx_word' id='word_1_253' title='bbox 351 2715 674 2777; x_wconf 79' lang='lat' dir='ltr'>facetiarum</span> <span class='ocrx_word' id='word_1_254' title='bbox 717 2720 960 2771; x_wconf 82' lang='lat' dir='ltr'>veterum</span> <span class='ocrx_word' id='word_1_255' title='bbox 999 2719 1058 2766; x_wconf 87' lang='lat' dir='ltr'>et</span> <span class='ocrx_word' id='word_1_256' title='bbox 1102 2710 1417 2767; x_wconf 82' lang='lat' dir='ltr'>urbanitatis</span> <span class='ocrx_word' id='word_1_257' title='bbox 1458 2713 1614 2784; x_wconf 89' lang='lat' dir='ltr'>ponit</span> <span class='ocrx_word' id='word_1_258' title='bbox 1658 2711 1918 2784; x_wconf 80' lang='lat' dir='ltr'>exempla.</span> <span class='ocrx_word' id='word_1_259' title='bbox 2003 2728 2113 2767; x_wconf 90' lang='lat' dir='ltr'>non</span> <span class='ocrx_word' id='word_1_260' title='bbox 2155 2712 2323 2767; x_wconf 83' lang='lat' dir='ltr'>fuisse</span> <span class='ocrx_word' id='word_1_261' title='bbox 2367 2712 2644 2785; x_wconf 87' lang='lat' dir='ltr'>aequalem</span> 
     </span>
     <span class='ocr_line' id='line_1_28' title="bbox 352 2797 1913 2870; baseline -0.002 -17"><span class='ocrx_word' id='word_1_262' title='bbox 352 2799 634 2870; x_wconf 73' lang='lat' dir='ltr'>Africano,</span> <span class='ocrx_word' id='word_1_263' title='bbox 680 2797 788 2851; x_wconf 84' lang='lat' dir='ltr'>sed</span> <span class='ocrx_word' id='word_1_264' title='bbox 817 2797 1092 2869; x_wconf 85' lang='lat' dir='ltr'>aliquanto</span> <span class='ocrx_word' id='word_1_265' title='bbox 1138 2797 1401 2852; x_wconf 88' lang='lat' dir='ltr'>minorem</span> <span class='ocrx_word' id='word_1_266' title='bbox 1446 2798 1577 2857; x_wconf 84' lang='lat' dir='ltr'>satis</span> <span class='ocrx_word' id='word_1_267' title='bbox 1619 2803 1913 2869; x_wconf 86' lang='lat' dir='ltr'>comparet.</span> 
     </span>
    </p>

    <p class='ocr_par' dir='ltr' id='par_1_7' title="bbox 354 2878 2646 3127">
     <span class='ocr_line' id='line_1_29' title="bbox 529 2878 2644 2955; baseline -0.001 -17"><span class='ocrx_word' id='word_1_268' title='bbox 529 2883 588 2938; x_wconf 86' lang='lat'>7.</span> <span class='ocrx_word' id='word_1_269' title='bbox 665 2897 859 2955; x_wconf 70' lang='lat' dir='ltr'>reyes,</span> <span class='ocrx_word' id='word_1_270' title='bbox 903 2883 938 2937; x_wconf 92' lang='lat' dir='ltr'>i.</span> <span class='ocrx_word' id='word_1_271' title='bbox 985 2899 1033 2937; x_wconf 87' lang='lat' dir='ltr'>c.</span> <span class='ocrx_word' id='word_1_272' title='bbox 1080 2882 1337 2937; x_wconf 77' lang='lat' dir='ltr'>homines</span> <span class='ocrx_word' id='word_1_273' title='bbox 1379 2882 1525 2937; x_wconf 80' lang='lat' dir='ltr'>dites</span> <span class='ocrx_word' id='word_1_274' title='bbox 1570 2898 1644 2935; x_wconf 83' lang='lat' dir='ltr'>ac</span> <span class='ocrx_word' id='word_1_275' title='bbox 1680 2887 1974 2952; x_wconf 69' lang='lat' dir='ltr'>potentes‘,</span> <span class='ocrx_word' id='word_1_276' title='bbox 2022 2888 2084 2935; x_wconf 91' lang='lat' dir='ltr'>ut</span> <span class='ocrx_word' id='word_1_277' title='bbox 2127 2898 2212 2954; x_wconf 91' lang='lat' dir='ltr'>ap.</span> <span class='ocrx_word' id='word_1_278' title='bbox 2261 2878 2391 2936; x_wconf 82' lang='lat' dir='ltr'>lior.</span> <span class='ocrx_word' id='word_1_279' title='bbox 2435 2889 2535 2936; x_wconf 85' lang='lat' dir='ltr'>sat.</span> <span class='ocrx_word' id='word_1_280' title='bbox 2581 2881 2644 2952; x_wconf 84' lang='grc' dir='ltr'>ΙΙ,</span> 
     </span>
     <span class='ocr_line' id='line_1_30' title="bbox 354 2965 2646 3041; baseline -0.001 -17"><span class='ocrx_word' id='word_1_281' title='bbox 354 2969 414 3041; x_wconf 80' lang='lat'>2,</span> <span class='ocrx_word' id='word_1_282' title='bbox 445 2966 530 3024; x_wconf 81' lang='lat'>44</span> <span class='ocrx_word' id='word_1_283' title='bbox 576 2968 817 3023; x_wconf 79' lang='lat' dir='ltr'>necdum</span> <span class='ocrx_word' id='word_1_284' title='bbox 862 2970 1042 3023; x_wconf 79' lang='lat' dir='ltr'>onmis</span> <span class='ocrx_word' id='word_1_285' title='bbox 1085 2967 1297 3023; x_wconf 82' lang='lat' dir='ltr'>abacta</span> <span class='ocrx_word' id='word_1_286' title='bbox 1338 2967 1658 3037; x_wconf 78' lang='lat' dir='ltr'>pauperies</span> <span class='ocrx_word' id='word_1_287' title='bbox 1701 2968 1886 3036; x_wconf 87' lang='lat' dir='ltr'>epulis</span> <span class='ocrx_word' id='word_1_288' title='bbox 1933 2980 2145 3038; x_wconf 71' lang='lat' dir='ltr'>requm.</span> <span class='ocrx_word' id='word_1_289' title='bbox 2237 2965 2466 3022; x_wconf 84' lang='lat' dir='ltr'>videnda</span> <span class='ocrx_word' id='word_1_290' title='bbox 2509 2983 2646 3039; x_wconf 86' lang='lat' dir='ltr'>quae</span> 
     </span>
     <span class='ocr_line' id='line_1_31' title="bbox 354 3050 1451 3127; baseline -0.004 -18"><span class='ocrx_word' id='word_1_291' title='bbox 354 3069 531 3127; x_wconf 85' lang='lat' dir='ltr'>nuper</span> <span class='ocrx_word' id='word_1_292' title='bbox 577 3052 763 3107; x_wconf 82' lang='lat' dir='ltr'>notavi</span> <span class='ocrx_word' id='word_1_293' title='bbox 806 3050 871 3108; x_wconf 83' lang='lat' dir='ltr'>ad</span> <span class='ocrx_word' id='word_1_294' title='bbox 917 3058 1016 3107; x_wconf 84' lang='lat' dir='ltr'>art.</span> <span class='ocrx_word' id='word_1_295' title='bbox 1061 3050 1361 3124; x_wconf 79' lang='lat' dir='ltr'>poet.‘63‚</span> <span class='ocrx_word' id='word_1_296' title='bbox 1392 3050 1451 3105; x_wconf 91' lang='lat'>4.</span> 
     </span>
    </p>

    <p class='ocr_par' dir='ltr' id='par_1_8' title="bbox 349 3135 2646 3448">
     <span class='ocr_line' id='line_1_32' title="bbox 525 3135 2646 3208; baseline -0.001 -15"><span class='ocrx_word' id='word_1_297' title='bbox 525 3136 586 3193; x_wconf 88' lang='grc'><strong>8.</strong></span> <span class='ocrx_word' id='word_1_298' title='bbox 665 3137 1014 3207; x_wconf 74' lang='lat' dir='ltr'>tribunatus,</span> <span class='ocrx_word' id='word_1_299' title='bbox 1058 3153 1106 3191; x_wconf 85' lang='lat' dir='ltr'>a.</span> <span class='ocrx_word' id='word_1_300' title='bbox 1155 3151 1206 3190; x_wconf 89' lang='grc' dir='ltr'>ιι.</span> <span class='ocrx_word' id='word_1_301' title='bbox 1242 3152 1290 3194; x_wconf 89' lang='lat' dir='ltr'>c.</span> <span class='ocrx_word' id='word_1_302' title='bbox 1329 3135 1470 3192; x_wconf 83' lang='lat'>647.</span> <span class='ocrx_word' id='word_1_303' title='bbox 1515 3163 1598 3174; x_wconf 90' lang='lat'>-—</span> <span class='ocrx_word' id='word_1_304' title='bbox 1643 3143 1884 3191; x_wconf 88' lang='lat' dir='ltr'>ceterum</span> <span class='ocrx_word' id='word_1_305' title='bbox 1932 3137 2090 3208; x_wconf 77' lang='lat' dir='ltr'>quam</span> <span class='ocrx_word' id='word_1_306' title='bbox 2134 3135 2385 3191; x_wconf 79' lang='lat' dir='ltr'>festivum</span> <span class='ocrx_word' id='word_1_307' title='bbox 2430 3137 2483 3191; x_wconf 88' lang='lat' dir='ltr'>iu</span> <span class='ocrx_word' id='word_1_308' title='bbox 2529 3152 2646 3190; x_wconf 90' lang='lat' dir='ltr'>mo-</span> 
     </span>
     <span class='ocr_line' id='line_1_33' title="bbox 353 3218 2644 3292; baseline -0.001 -14"><span class='ocrx_word' id='word_1_309' title='bbox 353 3223 481 3280; x_wconf 84' lang='lat' dir='ltr'>dum</span> <span class='ocrx_word' id='word_1_310' title='bbox 526 3220 728 3278; x_wconf 84' lang='lat' dir='ltr'>abusus</span> <span class='ocrx_word' id='word_1_311' title='bbox 773 3222 845 3276; x_wconf 90' lang='lat' dir='ltr'>sit</span> <span class='ocrx_word' id='word_1_312' title='bbox 889 3219 1158 3276; x_wconf 89' lang='lat' dir='ltr'>Heusdius</span> <span class='ocrx_word' id='word_1_313' title='bbox 1204 3220 1286 3275; x_wconf 87' lang='lat' dir='ltr'>bis</span> <span class='ocrx_word' id='word_1_314' title='bbox 1332 3218 1607 3276; x_wconf 87' lang='lat' dir='ltr'>Ciceronis</span> <span class='ocrx_word' id='word_1_315' title='bbox 1661 3218 1836 3275; x_wconf 89' lang='lat' dir='ltr'>verbis</span> <span class='ocrx_word' id='word_1_316' title='bbox 1895 3219 1972 3291; x_wconf 89' lang='lat' dir='ltr'>(in</span> <span class='ocrx_word' id='word_1_317' title='bbox 2018 3219 2212 3292; x_wconf 90' lang='lat' dir='ltr'>quibus</span> <span class='ocrx_word' id='word_1_318' title='bbox 2259 3219 2407 3275; x_wconf 87' lang='lat' dir='ltr'>iubet</span> <span class='ocrx_word' id='word_1_319' title='bbox 2448 3220 2644 3292; x_wconf 89' lang='lat' dir='ltr'>reponi</span> 
     </span>
     <span class='ocr_line' id='line_1_34' title="bbox 349 3303 2642 3386; baseline -0.002 -23"><span class='ocrx_word' id='word_1_320' title='bbox 349 3310 557 3378; x_wconf 83' lang='lat' dir='ltr'>pueris</span> <span class='ocrx_word' id='word_1_321' title='bbox 599 3321 700 3378; x_wconf 87' lang='lat' dir='ltr'>pro</span> <span class='ocrx_word' id='word_1_322' title='bbox 746 3303 868 3376; x_wconf 84' lang='lat' dir='ltr'>bis)</span> <span class='ocrx_word' id='word_1_323' title='bbox 908 3314 969 3386; x_wconf 83' lang='lat' dir='ltr'>ut</span> <span class='ocrx_word' id='word_1_324' title='bbox 1023 3304 1419 3360; x_wconf 76' lang='lat' dir='ltr'>demonstraret</span> <span class='ocrx_word' id='word_1_325' title='bbox 1472 3320 1593 3360; x_wconf 91' lang='lat' dir='ltr'>cum</span> <span class='ocrx_word' id='word_1_326' title='bbox 1653 3305 1757 3360; x_wconf 81' lang='lat' dir='ltr'>hoc</span> <span class='ocrx_word' id='word_1_327' title='bbox 1794 3304 2142 3360; x_wconf 87' lang='lat' dir='ltr'>collocutum</span> <span class='ocrx_word' id='word_1_328' title='bbox 2186 3303 2447 3360; x_wconf 88' lang='lat' dir='ltr'>Lucilium</span> <span class='ocrx_word' id='word_1_329' title='bbox 2505 3303 2642 3359; x_wconf 79' lang='lat' dir='ltr'>inira</span> 
     </span>
     <span class='ocr_line' id='line_1_35' title="bbox 352 3388 683 3448; baseline -0.01 0"><span class='ocrx_word' id='word_1_330' title='bbox 352 3388 683 3448; x_wconf 82' lang='lat' dir='ltr'>memorabo.</span> 
     </span>
    </p>

    <p class='ocr_par' dir='ltr' id='par_1_9' title="bbox 352 3471 2640 3632">
     <span class='ocr_line' id='line_1_36' title="bbox 526 3471 2640 3546; baseline -0.001 -15"><span class='ocrx_word' id='word_1_331' title='bbox 526 3474 628 3531; x_wconf 89' lang='grc'><strong>10.</strong></span> <span class='ocrx_word' id='word_1_332' title='bbox 699 3474 1045 3545; x_wconf 85' lang='lat' dir='ltr'>Scipiadae,·</span> <span class='ocrx_word' id='word_1_333' title='bbox 1096 3473 1155 3530; x_wconf 93' lang='lat' dir='ltr'>P.</span> <span class='ocrx_word' id='word_1_334' title='bbox 1200 3472 1506 3529; x_wconf 90' lang='lat' dir='ltr'>Cornelium</span> <span class='ocrx_word' id='word_1_335' title='bbox 1563 3473 1868 3546; x_wconf 86' lang='lat' dir='ltr'>Scipionem</span> <span class='ocrx_word' id='word_1_336' title='bbox 1926 3471 2274 3528; x_wconf 88' lang='lat' dir='ltr'>Aemilianum</span> <span class='ocrx_word' id='word_1_337' title='bbox 2332 3472 2640 3534; x_wconf 79' lang='lat' dir='ltr'>Africanum</span> 
     </span>
     <span class='ocr_line' id='line_1_37' title="bbox 352 3556 2640 3632; baseline -0.002 -15"><span class='ocrx_word' id='word_1_338' title='bbox 352 3563 615 3617; x_wconf 84' lang='lat' dir='ltr'>minorem</span> <span class='ocrx_word' id='word_1_339' title='bbox 660 3558 976 3632; x_wconf 78' lang='lat' dir='ltr'>alloquitur,</span> <span class='ocrx_word' id='word_1_340' title='bbox 1019 3556 1176 3614; x_wconf 89' lang='lat' dir='ltr'>cuius</span> <span class='ocrx_word' id='word_1_341' title='bbox 1223 3559 1379 3614; x_wconf 86' lang='lat' dir='ltr'>vitam</span> <span class='ocrx_word' id='word_1_342' title='bbox 1410 3575 1531 3614; x_wconf 89' lang='lat' dir='ltr'>cum</span> <span class='ocrx_word' id='word_1_343' title='bbox 1563 3557 1829 3631; x_wconf 86' lang='lat' dir='ltr'>publicam</span> <span class='ocrx_word' id='word_1_344' title='bbox 1860 3567 1975 3613; x_wconf 86' lang='lat' dir='ltr'>tum</span> <span class='ocrx_word' id='word_1_345' title='bbox 2016 3558 2274 3629; x_wconf 82' lang='lat' dir='ltr'>privatam</span> <span class='ocrx_word' id='word_1_346' title='bbox 2304 3558 2435 3612; x_wconf 89' lang='lat' dir='ltr'>mira</span> <span class='ocrx_word' id='word_1_347' title='bbox 2477 3556 2640 3614; x_wconf 88' lang='lat' dir='ltr'>liber-</span> 
     </span>
    </p>

    <p class='ocr_par' dir='ltr' id='par_1_10' title="bbox 301 3640 2641 4224">
     <span class='ocr_line' id='line_1_38' title="bbox 301 3640 2641 3717; baseline 0 -19"><span class='ocrx_word' id='word_1_348' title='bbox 301 3692 328 3698; x_wconf 69' lang='lat'>-</span> <span class='ocrx_word' id='word_1_349' title='bbox 354 3653 463 3702; x_wconf 85' lang='lat' dir='ltr'>tate</span> <span class='ocrx_word' id='word_1_350' title='bbox 505 3661 573 3700; x_wconf 85' lang='lat' dir='ltr'>ac</span> <span class='ocrx_word' id='word_1_351' title='bbox 616 3644 879 3699; x_wconf 85' lang='lat' dir='ltr'>suavitate</span> <span class='ocrx_word' id='word_1_352' title='bbox 932 3644 1275 3717; x_wconf 83' lang='lat' dir='ltr'>perscripsit3</span> <span class='ocrx_word' id='word_1_353' title='bbox 1335 3643 1440 3697; x_wconf 86' lang='lat' dir='ltr'>alio</span> <span class='ocrx_word' id='word_1_354' title='bbox 1495 3642 1720 3700; x_wconf 86' lang='lat' dir='ltr'>hercule</span> <span class='ocrx_word' id='word_1_355' title='bbox 1763 3641 1925 3698; x_wconf 90' lang='lat' dir='ltr'>modo</span> <span class='ocrx_word' id='word_1_356' title='bbox 1975 3648 2034 3696; x_wconf 88' lang='lat' dir='ltr'>ut</span> <span class='ocrx_word' id='word_1_357' title='bbox 2077 3640 2286 3698; x_wconf 87' lang='lat' dir='ltr'>diversa</span> <span class='ocrx_word' id='word_1_358' title='bbox 2333 3649 2641 3716; x_wconf 87' lang='lat' dir='ltr'>temporum</span> 
     </span>
     <span class='ocr_line' id='line_1_39' title="bbox 352 3727 2640 3806; baseline -0.001 -20"><span class='ocrx_word' id='word_1_359' title='bbox 352 3729 690 3786; x_wconf 88' lang='lat' dir='ltr'>condicione</span> <span class='ocrx_word' id='word_1_360' title='bbox 718 3744 875 3801; x_wconf 87' lang='lat' dir='ltr'>quam</span> <span class='ocrx_word' id='word_1_361' title='bbox 922 3744 1030 3800; x_wconf 90' lang='lat' dir='ltr'>quo</span> <span class='ocrx_word' id='word_1_362' title='bbox 1076 3727 1331 3806; x_wconf 81' lang='lat' dir='ltr'>Horatius</span> <span class='ocrx_word' id='word_1_363' title='bbox 1376 3727 1731 3783; x_wconf 83' lang='lat' dir='ltr'>Maecenatem</span> <span class='ocrx_word' id='word_1_364' title='bbox 1774 3727 1886 3781; x_wconf 89' lang='lat' dir='ltr'>sive</span> <span class='ocrx_word' id='word_1_365' title='bbox 1931 3730 2239 3799; x_wconf 87' lang='lat' dir='ltr'>Augustum</span> <span class='ocrx_word' id='word_1_366' title='bbox 2283 3730 2480 3783; x_wconf 86' lang='lat' dir='ltr'>saturis</span> <span class='ocrx_word' id='word_1_367' title='bbox 2526 3729 2640 3784; x_wconf 91' lang='lat' dir='ltr'>suis</span> 
     </span>
     <span class='ocr_line' id='line_1_40' title="bbox 352 3800 2639 3886; baseline -0 -17"><span class='ocrx_word' id='word_1_368' title='bbox 352 3813 665 3884; x_wconf 80' lang='lat' dir='ltr'>celebravit,</span> <span class='ocrx_word' id='word_1_369' title='bbox 707 3811 805 3868; x_wconf 87' lang='lat' dir='ltr'>sed</span> <span class='ocrx_word' id='word_1_370' title='bbox 849 3829 958 3869; x_wconf 88' lang='lat' dir='ltr'>nou</span> <span class='ocrx_word' id='word_1_371' title='bbox 1004 3813 1179 3868; x_wconf 89' lang='lat' dir='ltr'>minus</span> <span class='ocrx_word' id='word_1_372' title='bbox 1224 3800 1347 3885; x_wconf 87' lang='lat' dir='ltr'>apte</span> <span class='ocrx_word' id='word_1_373' title='bbox 1391 3820 1446 3867; x_wconf 90' lang='lat' dir='ltr'>ct</span> <span class='ocrx_word' id='word_1_374' title='bbox 1475 3810 1774 3886; x_wconf 87' lang='lat' dir='ltr'>eleganter.</span> <span class='ocrx_word' id='word_1_375' title='bbox 1817 3841 1904 3851; x_wconf 89' lang='lat'>—</span> <span class='ocrx_word' id='word_1_376' title='bbox 1946 3819 2186 3867; x_wconf 88' lang='lat' dir='ltr'>ceterum</span> <span class='ocrx_word' id='word_1_377' title='bbox 2231 3810 2459 3868; x_wconf 89' lang='lat' dir='ltr'>videnda</span> <span class='ocrx_word' id='word_1_378' title='bbox 2504 3829 2639 3885; x_wconf 88' lang='lat' dir='ltr'>quae</span> 
     </span>
     <span class='ocr_line' id='line_1_41' title="bbox 352 3890 2634 3971; baseline -0.001 -18"><span class='ocrx_word' id='word_1_379' title='bbox 352 3898 537 3955; x_wconf 77' lang='lat' dir='ltr'>dixere</span> <span class='ocrx_word' id='word_1_380' title='bbox 581 3897 648 3953; x_wconf 90' lang='lat' dir='ltr'>de</span> <span class='ocrx_word' id='word_1_381' title='bbox 691 3897 941 3971; x_wconf 88' lang='lat' dir='ltr'>Scipione</span> <span class='ocrx_word' id='word_1_382' title='bbox 985 3895 1219 3952; x_wconf 85' lang='lat' dir='ltr'>Orellius</span> <span class='ocrx_word' id='word_1_383' title='bbox 1265 3912 1447 3952; x_wconf 90' lang='lat' dir='ltr'>onom.</span> <span class='ocrx_word' id='word_1_384' title='bbox 1481 3896 1621 3952; x_wconf 85' lang='lat' dir='ltr'>Tull</span> <span class='ocrx_word' id='word_1_385' title='bbox 1655 3914 1751 3969; x_wconf 86' lang='lat' dir='ltr'>pg.</span> <span class='ocrx_word' id='word_1_386' title='bbox 1787 3895 1938 3965; x_wconf 77' lang='lat'>1873</span> <span class='ocrx_word' id='word_1_387' title='bbox 1982 3895 2290 3967; x_wconf 77' lang='lat' dir='ltr'>qusenus</span> <span class='ocrx_word' id='word_1_388' title='bbox 2320 3896 2448 3953; x_wconf 86' lang='lat' dir='ltr'>hist.</span> <span class='ocrx_word' id='word_1_389' title='bbox 2481 3890 2634 3951; x_wconf 88' lang='lat' dir='ltr'>Rom.</span> 
     </span>
     <span class='ocr_line' id='line_1_42' title="bbox 357 3980 2639 4057; baseline -0.002 -18"><span class='ocrx_word' id='word_1_390' title='bbox 357 3984 412 4049; x_wconf 87' lang='lat' dir='ltr'>ll,</span> <span class='ocrx_word' id='word_1_391' title='bbox 460 3981 544 4040; x_wconf 83' lang='lat'>83</span> <span class='ocrx_word' id='word_1_392' title='bbox 580 3999 703 4057; x_wconf 87' lang='lat' dir='ltr'>sqq.</span> <span class='ocrx_word' id='word_1_393' title='bbox 754 3981 902 4044; x_wconf 86' lang='lat'>103;</span> <span class='ocrx_word' id='word_1_394' title='bbox 960 3980 1271 4042; x_wconf 86' lang='lat' dir='ltr'>Gerlachins</span> <span class='ocrx_word' id='word_1_395' title='bbox 1326 3982 1543 4054; x_wconf 88' lang='lat' dir='ltr'>propria</span> <span class='ocrx_word' id='word_1_396' title='bbox 1598 3980 1982 4037; x_wconf 88' lang='lat' dir='ltr'>dissertatione</span> <span class='ocrx_word' id='word_1_397' title='bbox 2037 3982 2127 4038; x_wconf 84' lang='lat' dir='ltr'>eui</span> <span class='ocrx_word' id='word_1_398' title='bbox 2179 3982 2496 4053; x_wconf 90' lang='lat' dir='ltr'>inscriptum</span> <span class='ocrx_word' id='word_1_399' title='bbox 2553 3988 2639 4036; x_wconf 91' lang='lat' dir='ltr'>est</span> 
     </span>
     <span class='ocr_line' id='line_1_43' title="bbox 354 4063 2639 4139; baseline -0 -17"><span class='ocrx_word' id='word_1_400' title='bbox 354 4066 418 4123; x_wconf 90' lang='lat' dir='ltr'>de</span> <span class='ocrx_word' id='word_1_401' title='bbox 463 4067 523 4122; x_wconf 90' lang='grc' dir='ltr'><strong>Ρ.</strong></span> <span class='ocrx_word' id='word_1_402' title='bbox 571 4065 819 4122; x_wconf 86' lang='lat' dir='ltr'>Cornelio</span> <span class='ocrx_word' id='word_1_403' title='bbox 864 4065 1116 4139; x_wconf 88' lang='lat' dir='ltr'>Scipione</span> <span class='ocrx_word' id='word_1_404' title='bbox 1171 4064 1466 4121; x_wconf 85' lang='lat' dir='ltr'>Aemiliano</span> <span class='ocrx_word' id='word_1_405' title='bbox 1524 4072 1580 4121; x_wconf 85' lang='lat' dir='ltr'>et</span> <span class='ocrx_word' id='word_1_406' title='bbox 1624 4072 1872 4139; x_wconf 90' lang='lat' dir='ltr'>tempore</span> <span class='ocrx_word' id='word_1_407' title='bbox 1924 4066 2071 4137; x_wconf 80' lang='lat' dir='ltr'>eiuS‚</span> <span class='ocrx_word' id='word_1_408' title='bbox 2128 4066 2329 4122; x_wconf 85' lang='lat' dir='ltr'>inserta</span> <span class='ocrx_word' id='word_1_409' title='bbox 2383 4064 2472 4120; x_wconf 90' lang='lat' dir='ltr'>illa</span> <span class='ocrx_word' id='word_1_410' title='bbox 2514 4063 2639 4121; x_wconf 88' lang='lat' dir='ltr'>libri</span> 
     </span>
     <span class='ocr_line' id='line_1_44' title="bbox 352 4143 2634 4262; baseline -0.002 -53"><span class='ocrx_word' id='word_1_411' title='bbox 352 4154 440 4209; x_wconf 85' lang='lat' dir='ltr'>cui</span> <span class='ocrx_word' id='word_1_412' title='bbox 497 4151 714 4208; x_wconf 87' lang='lat' dir='ltr'>titulum</span> <span class='ocrx_word' id='word_1_413' title='bbox 771 4150 899 4208; x_wconf 85' lang='lat' dir='ltr'>fecit</span> <span class='ocrx_word' id='word_1_414' title='bbox 952 4149 1257 4206; x_wconf 86' lang='lat' dir='ltr'>studiorum</span> <span class='ocrx_word' id='word_1_415' title='bbox 1315 4149 1379 4204; x_wconf 87' lang='lat' dir='ltr'>ad</span> <span class='ocrx_word' id='word_1_416' title='bbox 1437 4150 1716 4206; x_wconf 85' lang='lat' dir='ltr'>historiam</span> <span class='ocrx_word' id='word_1_417' title='bbox 1771 4151 2155 4262; x_wconf 87' lang='lat' dir='ltr'>pertinentium</span> <span class='ocrx_word' id='word_1_418' title='bbox 2215 4149 2355 4222; x_wconf 89' lang='lat' dir='ltr'>parti</span> <span class='ocrx_word' id='word_1_419' title='bbox 2408 4146 2452 4204; x_wconf 88' lang='grc' dir='ltr'>ΙΙ</span> <span class='ocrx_word' id='word_1_420' title='bbox 2511 4143 2634 4224; x_wconf 88' lang='lat' dir='ltr'>[pg.</span> 
     </span>
    </p>
   </div>
   <div class='ocr_carea' id='block_1_5' title="bbox 353 4230 2636 4395">
    <p class='ocr_par' dir='ltr' id='par_1_11' title="bbox 353 4230 2636 4395">
     <span class='ocr_line' id='line_1_45' title="bbox 353 4230 2636 4395; baseline -0.001 -16"><span class='ocrx_word' id='word_1_421' title='bbox 353 4235 434 4292; x_wconf 70' lang='grc'>44</span> <span class='ocrx_word' id='word_1_422' title='bbox 464 4230 766 4391; x_wconf 52' lang='lat' dir='ltr'>sq23]ellus,</span> <span class='ocrx_word' id='word_1_423' title='bbox 793 4320 1053 4379; x_wconf 81' lang='lat' dir='ltr'>Tiberius</span> <span class='ocrx_word' id='word_1_424' title='bbox 1075 4319 1372 4392; x_wconf 82' lang='lat' dir='ltr'>Claudius,</span> <span class='ocrx_word' id='word_1_425' title='bbox 1395 4322 1666 4395; x_wconf 86' lang='lat' dir='ltr'>equestris</span> <span class='ocrx_word' id='word_1_426' title='bbox 1697 4269 1918 4377; x_wconf 82' lang='lat' dir='ltr'>ordinis,</span> <span class='ocrx_word' id='word_1_427' title='bbox 1974 4320 2118 4376; x_wconf 88' lang='lat' dir='ltr'>bunc</span> <span class='ocrx_word' id='word_1_428' title='bbox 2136 4318 2196 4375; x_wconf 93' lang='lat' dir='ltr'>P.</span> <span class='ocrx_word' id='word_1_429' title='bbox 2215 4318 2395 4393; x_wconf 89' lang='lat' dir='ltr'>Scipio</span> <span class='ocrx_word' id='word_1_430' title='bbox 2424 4320 2481 4376; x_wconf 89' lang='lat' dir='ltr'>in</span> <span class='ocrx_word' id='word_1_431' title='bbox 2510 4336 2636 4376; x_wconf 85' lang='lat' dir='ltr'>cen-</span> 
     </span>
    </p>
   </div>
  </div>
 </body>
</html>
