3267 5075
1132 987 1138 994 q
1242 877 1878 956 PRAEFA‘rIo.

442 1200 465 1207 ·
588 1147 754 1244 Diu
797 1173 926 1238 fuit
969 1196 1048 1238 ex
1093 1195 1220 1259 quo
1261 1172 1492 1238 Lucilii
1538 1178 1903 1239 saturarum
1947 1172 2252 1257 reliquias
2299 1169 2529 1235 edendi
2575 1192 2705 1234 me-

409 1303 558 1345 cum
586 1282 725 1364 ipse
762 1280 1105 1346 consilium
1140 1281 1454 1366 agitarem
1483 1281 1728 1365 anim03
1777 1283 1844 1344 et
1868 1278 2202 1345 fatendum
2228 1299 2461 1344 novem
2507 1297 2706 1341 anno-

408 1410 557 1453 rum
611 1409 855 1472 moras,
920 1410 1080 1473 quas
1137 1389 1352 1453 sanxit
1405 1389 1611 1472 operi,
1667 1387 1839 1473 quod
1895 1409 2029 1451 non
2094 1385 2286 1452 modo
2344 1385 2705 1470 praesentis

411 1494 665 1578 aetatis,
719 1496 916 1559 etiam
969 1495 1223 1560 futurae
1268 1496 1653 1581 probaretur
1695 1494 1968 1578 iudiciis,
2021 1493 2289 1558 Flaccus
2334 1492 2444 1558 ille
2489 1490 2708 1556 Venu-

413 1601 595 1665 sinus
651 1599 994 1666 Auruncae
1061 1603 1308 1667 alumni
1372 1603 1682 1687 aemulus,
1746 1592 2059 1687 aequasse
2117 1623 2268 1665 nos·
2301 1602 2495 1684 atque
2548 1597 2708 1662 adeo

411 1730 771 1791 superasse.
843 1709 998 1773 nam
1046 1709 1317 1774 subinde
1363 1710 1526 1774 aliae
1573 1712 1768 1794 atque
1813 1709 1979 1773 aliae
2024 1729 2254 1796 causae
2299 1705 2711 1771 retardarunt

409 1814 759 1899 inceptum,
816 1814 989 1900 quod
1041 1816 1387 1901 aliquando
1432 1838 1663 1901 parum
1719 1816 1884 1880 afuit
1939 1815 2097 1899 quin
2142 1814 2523 1896 omitterem,
2580 1811 2709 1896 pri-

411 1942 592 1984 mum
635 1920 1067 1986 immensitate
1115 1923 1327 2006 operis
1373 1923 1636 1987 territus
1692 1918 1881 2008 (nam
1924 1923 2180 2006 praeter
2233 1920 2450 1984 Plauti
2507 1919 2709 1983 libros

327 2069 345 2084 .
409 2027 578 2092 nihil
630 2032 1004 2113 corruptum
1048 2029 1259 2114 magis
1315 2051 1390 2093 ac
1436 2029 1696 2094 difficile
1741 2030 2011 2115 reperiri
2063 2029 2134 2093 in
2177 2028 2413 2093 litteris
2458 2024 2711 2091 Latinis

416 2156 612 2218 quam
637 2133 868 2199 Lucilii
915 2136 1156 2220 scripta
1199 2135 1409 2200 facilis
1458 2139 1559 2201 est
1585 2137 1928 2202 consensio
1969 2137 2140 2200 inter
2165 2132 2438 2219 doctos),
2485 2131 2712 2197 deinde

413 2240 696 2324 negotiis
724 2241 1111 2325 implicatuS,
1157 2241 1432 2327 denique
1460 2244 1821 2309 iustissimo
1849 2243 2082 2308 horum
2111 2242 2472 2307 studiorum
2498 2239 2712 2304 taedio
2735 2270 2745 2281 ·

414 2349 649 2411 motus.
721 2350 951 2412 notum
988 2350 1225 2434 quippe
1261 2350 1604 2435 plerisque,
1649 2351 2058 2415 inimicorum
2091 2348 2337 2415 invidia
2371 2350 2439 2412 et
2464 2347 2714 2411 malitia

414 2455 664 2522 vexatis
710 2455 900 2519 nobis
926 2447 1125 2541 quam
1154 2456 1263 2520 diu
1308 2478 1442 2520 non
1487 2457 1744 2523 licuerit
1777 2457 2066 2543 praemia
2109 2455 2408 2520 laborum
2453 2476 2714 2538 carpere

416 2562 727 2646 legitima.
775 2600 859 2610 -—
913 2564 1252 2629 instabant
1303 2567 1523 2649 tamen
1577 2566 1787 2651 amici,
1842 2588 1917 2630 ac
1970 2564 2248 2629 maxime
2302 2560 2715 2645 Ritschelius,

416 2669 716 2761 precibus
771 2672 837 2733 et
890 2671 1235 2756 aliquando
1291 2672 1504 2756 miniS,
1556 2673 1699 2756 ipse
1756 2673 1813 2738 si
1864 2674 2200 2758 negotium
2257 2670 2715 2735 detrectassem

416 2775 557 2839 fore
602 2779 676 2839 ut
718 2776 831 2840 alii
875 2775 1172 2863 idemque
1218 2779 1433 2844 minus
1479 2781 1617 2864 apti
1663 2781 1746 2846 ad
1789 2781 1961 2846 idem
1999 2780 2488 2863 accingerentur
2533 2775 2722 2840 dicti-.

416 2885 655 2966 tantes‚
700 2905 776 2948 ac
821 2905 923 2947 me
963 2885 1377 2968 potissimum
1413 2886 1564 2951 huic
1598 2909 1837 2971 parem.
1867 2878 1872 2881 Δ
1912 2886 2084 2973 quod
2112 2905 2503 2971 quamquam
2532 2904 2715 2947 secus

420 3010 490 3052 se
545 2988 783 3054 habere
838 2981 1307 3077 existimabam,
1365 2996 1586 3058 tamen
1640 3017 1861 3060 eorum
1915 2994 2252 3058 admonitu
2304 2991 2478 3056 haud
2531 2989 2717 3053 aliter

421 3119 617 3181 quam
659 3120 779 3182 par
824 3101 964 3164 erat
1008 3100 1470 3165 commovebar.
1544 3122 1700 3165 nam
1746 3124 1908 3188 quos
1956 3122 2222 3186 capaces
2270 3098 2502 3183 operis,
2545 3095 2716 3160 vide-

421 3204 575 3268 bam
618 3204 751 3270 fere
807 3209 1256 3291 aspernantes,
1318 3210 1383 3272 et
1440 3208 1724 3273 minores
1793 3230 1954 3294 quos
2015 3208 2301 3293 cupidos.
2407 3204 2721 3270 intererat

222 3318 227 3325 ’
312 3306 317 3309 ’
423 3313 641 3375 autem
685 3311 915 3376 harum
960 3313 1338 3397 litterarum,
1392 3317 1468 3378 ut
1510 3313 1742 3380 Lucilii
1786 3316 2093 3400 reliquiae
2139 3317 2253 3378 aut
2296 3313 2457 3377 tales
2506 3331 2718 3375 serva-

372 3496 377 3501 ,
422 3420 663 3502 rentur,
710 3420 931 3503 quales
977 3421 1146 3485 circa
1189 3421 1384 3485 finem
1433 3442 1592 3487 saec.
1639 3421 1799 3488 XVI
1831 3421 1976 3487 Iani
2003 3420 2262 3485 Dousae
2308 3418 2719 3504 potissimum

420 3528 490 3589 et
524 3520 785 3609 Iosephi
824 3524 1133 3612 Scaligeri
1178 3528 1498 3592 industria
1543 3551 1618 3593 ac
1662 3529 1899 3593 virtute
1948 3531 2103 3593 sunt
2146 3528 2556 3609 constitutae,
2606 3527 2721 3588 aut

423 3631 818 3697 haberentur
870 3634 1125 3698 refictae
1189 3635 1348 3699 artis
1413 3636 1752 3700 severitate
1812 3640 1879 3701 et
1936 3635 2370 3700 subsidiorum
2427 3633 2720 3697 ubertate

426 3760 521 3822 ea,
550 3761 678 3824 qua
695 3742 949 3805 tantum
971 3762 1346 3825 superamus
1366 3745 1612 3808 veteres
1638 3744 1806 3826 illos,
1825 3746 2139 3829 quantum
2166 3743 2263 3807 illi
2289 3763 2410 3806 nos
2438 3741 2720 3825 ingeniO.

607 3843 706 3911 De
753 3869 882 3932 qua
924 3869 993 3912 re
1040 3869 1185 3912 cum
1231 3852 1405 3914 certo
1454 3853 1784 3914 constaret
1827 3850 1999 3934 apud
2041 3850 2331 3916 animum
2366 3870 2598 3939 meum,
2644 3869 2722 3913 ex

427 3974 558 4039 quo
587 3954 1047 4019 accuratiorem
1074 3952 1276 4020 Nonii
1323 3957 1602 4041 sylloges
1649 3958 1873 4043 paravi
1916 3958 2237 4041 notitiam,
2281 3957 2413 4022 iam
2460 3978 2514 4021 a.
2549 3956 2715 4021 1861

427 4065 582 4145 post
626 4061 957 4127 absolutos
1002 4062 1204 4127 libros
1253 4061 1310 4127 d.
1356 4085 1405 4127 r.
1430 4077 1535 4129 ‘m.
1580 4087 1644 4149 p.
1689 4063 1759 4130 L.
1807 4065 2091 4151 cogitare
2146 4065 2326 4149 coepi
2382 4064 2459 4128 de
2504 4083 2720 4127 recen-

430 4167 650 4232 sendis
698 4168 907 4232 denuo
935 4166 1166 4233 Lucilii
1213 4170 1489 4255 scriptis.
1553 4193 1628 4236 ac
1672 4175 1812 4237 tum
1860 4172 2116 4257 quidem
2149 4171 2285 4236 voti
2329 4192 2411 4234 ne
2458 4190 2722 4253 compos

426 4273 649 4338 fierem
694 4274 890 4339 variis
946 4276 1202 4341 casibus
1258 4255 1403 4341 cum
1450 4286 1659 4343 essem
1712 4278 2088 4364 impeditus,
2141 4278 2213 4343 in
2264 4297 2571 4362 praesens
2624 4274 2722 4339 in·

427 4379 626 4466 dolui,
671 4403 822 4446 mox
866 4384 1086 4447 tamen
1113 4385 1389 4469 cognovi
1434 4385 1660 4450 utilem
1704 4385 1874 4451 hanc
1905 4409 2155 4452 moram
2198 4385 2401 4450 fuisse
2446 4384 2722 4466 incepto,
