3267 5075
608 358 691 424 10
1522 357 1742 412 LIBER
1776 359 1843 413 11.
1880 359 1972 413 111.

1599 519 1755 585 XIX
1800 522 1897 603 [3]

766 699 809 709 -
833 686 1149 709 υυυυυυ
1200 659 1362 723 quae
1406 636 1584 702 horis
1632 637 1889 702 sublata
1934 636 2180 701 duabus

683 750 690 757 ’
781 753 999 819 omnia
1044 756 1196 817 sunt
1240 753 1374 818 sole
1421 775 1648 819 occaso
1695 753 2096 838 obductoque
2140 795 2231 815 υ-
2249 797 2286 817 υ

1685 868 1809 933 XX

648 985 736 1049 30
780 1027 967 1077 702..
1011 969 1273 1050 fandam
1321 988 1510 1070 atque
1558 984 1845 1049 auditam
1887 982 2245 1050 iterabimu'
2291 983 2549 1049 famam.

1643 1098 1846 1182 [XXI]

782 1217 806 1296 [
811 1262 1179 1285 ννννννν
1231 1237 1346 1299 per
1388 1215 1718 1301 inhospita
1761 1219 1991 1301 tesqua
2034 1219 2381 1301 vagantem

778 1352 991 1395 rerum
1037 1330 1251 1395 animo
1299 1332 1587 1416 sequitur
1630 1334 1965 1416 captarum
2011 1332 2221 1417 gratia
2264 1332 2513 1412 maior}

1535 1445 1773 1529 [ΧΧΠ]
1823 1447 1964 1529 [19]

777 1561 1051 1654 [ducere
1079 1560 1197 1626 has
1243 1565 1500 1649 greges]

1489 1867 1816 1941 LIBER
1887 1868 2015 1940 ΠΙ.

1481 2060 1513 2125 I
1561 2063 1628 2143 [1.
1674 2060 1773 2124 ΙΠ
1816 2061 1930 2142 in.]
1979 2083 2018 2125 a

780 2176 1016 2261 Porph.
1074 2176 1155 2241 ad
1208 2175 1364 2241 Hor.
1421 2180 1539 2242 sat.
1592 2175 1643 2261 Ι,
1690 2177 1749 2262 5,
1801 2178 1855 2242 1.
1952 2175 2199 2243 Lucilio
2254 2176 2376 2242 hac
2432 2177 2632 2241 satira
2684 2197 2905 2242 aemu-

602 2291 774 2357 latur
817 2291 1129 2387 Horatius
1181 2293 1304 2356 iter
1359 2315 1546 2357 suum
1601 2316 1642 2357 a
1686 2292 1895 2358 Roma
1946 2292 2364 2358 Brundisium
2418 2314 2620 2378 usque
2667 2292 2905 2357 deseri·
2977 2333 2982 2338 -

602 2407 780 2493 bem,
825 2407 995 2493 quod
1031 2411 1097 2472 et
1140 2408 1246 2472 ille
1283 2408 1353 2472 in
1394 2410 1588 2474 tertio
1625 2409 1793 2474 libro
1830 2409 2008 2493 fecit3
2053 2409 2261 2493 primo
2299 2431 2339 2474 a
2373 2407 2584 2473 Roma
2610 2405 2903 2493 Capuam

603 2546 806 2609 usque
854 2526 920 2589 et
962 2524 1112 2589 inde
1157 2523 1395 2589 fretum
1443 2522 1789 2590 Siciliense.

608 2739 664 2790 11
700 2754 802 2789 om.
838 2740 1029 2803 Neap„
1068 2738 1101 2788 l.
1135 2714 1223 2788 Xl
1258 2738 1457 2789 tribuit
1492 2738 1581 2800 D).
1721 2738 1852 2788 XIX
1910 2737 2222 2788 Priscianus
2258 2738 2358 2789 869
2396 2738 2586 2789 occido
2624 2753 2903 2790 occasus

604 2800 635 2857 ὁ
662 2800 847 2865 δύνας
869 2833 937 2844 -
961 2806 1266 2857 Lucilius
1301 2803 1426 2868 (Lu
1442 2807 1505 2856 ei
1514 2821 1586 2857 us
1612 2804 1797 2871 Sang„
1822 2805 2016 2869 Lugd,
2042 2804 2268 2857 Carolir.
2291 2809 2346 2856 et
2372 2809 2434 2857 ut
2456 2812 2617 2871 putat
2640 2806 2902 2858 Hertzius

610 2874 769 2926 Paris
795 2877 929 2926 7496
966 2891 1032 2925 m.
1060 2872 1165 2939 pr.)
1201 2875 1259 2924 in
1294 2875 1349 2925 11
1387 2875 1486 2937 (in
1524 2875 1586 2925 11
1626 2890 1728 2924 om.
1770 2873 1972 2939 sang).
2093 2874 2197 2923 XX
2232 2873 2403 2926 schol.
2439 2876 2638 2925 Veron.
2668 2873 2746 2923 ‘ad
2776 2890 2902 2925 aen.

516 2966 525 2971 -
605 2943 685 3004 11,
720 2944 782 2994 81
843 2943 1039 2993 fando
1092 2941 1365 3008 aliquod
1409 2942 1467 2992 si
1511 2942 1689 2993 forte
1734 2948 1882 2993 tuas
1927 2943 2234 3007 pervenit
2277 2941 2357 2992 ad
2400 2957 2593 2993 aures
2626 2941 2904 2993 Belidae

606 3025 832 3061 nomen
874 3010 1274 3061 Palamedis:
1313 3037 1376 3047 —-
1413 3015 1470 3060 et
1500 3011 1773 3062 Pacuvius
1811 3036 1877 3047 —
1909 3011 2214 3061 Lucilius
2255 3010 2316 3060 in
2351 3009 2405 3059 11
2441 3039 2507 3046 —-
2546 3007 2751 3076 [itaque
2786 3008 2898 3075 hic]

608 3077 859 3144 patiendi
892 3078 1019 3140 vim,
1057 3093 1168 3129 non
1190 3078 1391 3142 agendi
1414 3078 1592 3128 habet.
1705 3075 1878 3145 [XXI]
1915 3078 2176 3129 Barthius
2206 3078 2414 3129 advers.
2450 3078 2569 3142 XV,
2595 3082 2628 3129 3
2663 3078 2732 3128 ad
2767 3079 2903 3132 Hor.

608 3148 771 3212 epist.
807 3146 852 3209 1,
892 3149 972 3205 14,
1011 3149 1074 3197 19
1109 3145 1324 3197 deserta
1365 3151 1423 3197 et
1457 3146 1741 3212 inhospita
1775 3152 1984 3212 tesqua.
2061 3147 2121 3195 in
2168 3146 2355 3197 codice
2403 3160 2556 3211 quem
2602 3146 2695 3196 hic
2739 3144 2905 3196 laudo

607 3212 750 3279 (eum
793 3215 954 3266 initio
1011 3213 1209 3280 capitis
1255 3214 1389 3264 dicit
1432 3215 1864 3266 vetustissimum
1899 3214 2285 3279 fragmentum)
2330 3214 2711 3280 interpretatio
2747 3215 2903 3265 vocis

607 3288 803 3349 tesqua
836 3289 920 3335 est
957 3298 1081 3333 cum
1115 3282 1358 3347 exemplo
1394 3297 1461 3332 ex
1495 3283 1753 3333 Lucilii
1787 3282 1929 3333 libro
1951 3283 2026 3344 ΙΙ,
2067 3297 2205 3347 quae
2238 3297 2340 3347 ego
2366 3288 2600 3348 utraque
2634 3298 2745 3333 non
2768 3297 2903 3333 con-

607 3351 890 3401 temnenda
921 3350 1136 3417 putavi:
1176 3356 1368 3415 tesqua
1401 3349 1524 3401 loca
1547 3351 1785 3412 inutilia,
1823 3365 1960 3417 quae
1997 3350 2179 3416 subigi
2210 3366 2321 3401 non
2352 3357 2603 3416 possunt.
2661 3350 2903 3416 loquitur

605 3419 665 3468 in
687 3418 948 3469 villicum.
1013 3417 1321 3469 Lucilius
1356 3418 1416 3468 in
1455 3419 1524 3472 11.
1620 3416 1818 3486 [XXII]
1857 3417 2018 3471 Char.
2048 3421 2113 3470 72
2152 3422 2394 3469 ceterum
2428 3418 2685 3469 feminina
2722 3418 2906 3469 omnia

606 3485 984 3550 monosyllaba
1019 3489 1146 3537 sunt
1182 3489 1408 3551 excepto
1445 3500 1609 3551 grege
1643 3493 1699 3537 et
1734 3502 1893 3553 rege3
1931 3502 2159 3553 quorum
2195 3486 2427 3538 alterum
2461 3502 2527 3539 ex
2561 3486 2775 3538 diverso
2812 3500 2905 3550 ge·
2937 3510 2944 3513 -

607 3568 732 3606 nere
757 3557 994 3621 constat.
1052 3569 1179 3604 nam
1202 3553 1508 3605 Lucilius
1534 3556 1592 3604 in
1618 3556 1672 3605 11
1709 3554 1950 3606 ducere
1987 3554 2107 3606 has
2145 3568 2388 3620 greges
2422 3554 2680 3607 feminino
2705 3568 2902 3618 genere

607 3622 764 3672 dixit.
836 3621 1123 3687 legendum
1159 3637 1281 3673 esse
1313 3622 1680 3674 Lucretius
1715 3623 1785 3674 in
1822 3624 1876 3674 11
1919 3623 2361 3688 buceriasque
2406 3637 2647 3689 greges
2690 3622 2905 3673 monuit

606 3689 795 3742 Lchm.
837 3706 882 3740 c.
921 3691 1083 3741 Lucr.
1125 3692 1235 3744 112.
1305 3690 1423 3742 eius
1461 3695 1608 3742 recte
1648 3691 1886 3741 referunt
1921 3705 2113 3743 nomen
2148 3695 2203 3741 et
2236 3691 2400 3742 verba
2423 3692 2563 3741 Non.
2587 3693 2655 3743 80
2691 3695 2748 3742 et
2783 3692 2906 3753 208,

609 3755 772 3808 Char.
810 3759 892 3820 72,
929 3756 1148 3811 Servius
1183 3757 1253 3807 ad
1287 3772 1469 3823 georg.
1505 3759 1606 3823 111,
1645 3761 1760 3810 287.

781 3992 860 4050 28
907 3987 940 4066 (ἶ
981 3989 1046 4047 ah
1092 3990 1238 4047 horis
1286 3990 1497 4067 Sana„
1546 3992 1657 4047 oris
1702 3991 1879 4048 Paris
1923 3990 2106 4049 7496.
2269 3989 2348 4048 29
2394 3998 2524 4047 sunt
2568 4009 2674 4048 om.
2720 3991 2904 4065 Luqd.

609 4143 693 4155 --
748 4126 996 4169 occasum
1058 4111 1197 4167 Par.
1258 4109 1422 4169 7496
1475 4130 1547 4168 ηι.
1609 4112 1679 4182 1,
1737 4081 1966 4168 οοαιῗεεο
1998 4111 2243 4168 Carolir.
2278 4141 2361 4152 —
2392 4108 2738 4185 obductaque
2764 4109 2902 4182 Dp„

606 4196 882 4272 ductoque
923 4197 1075 4253 libri.
1125 4225 1198 4235 —
1246 4196 1391 4253 illud
1433 4194 1669 4253 tenebris
1717 4198 1797 4253 ad
1837 4199 1996 4270 expl.
2044 4201 2206 4253 metr.
2263 4199 2322 4253 in
2364 4198 2482 4274 fine
2523 4196 2909 4268 probabiliter

608 4283 768 4340 addit
807 4284 971 4341 idem.
1133 4279 1216 4339 30
1262 4280 1452 4337 samam
1496 4281 1737 4351 KeiliuS,
1786 4286 1888 4354 qui
1929 4290 1985 4338 ee
2029 4284 2256 4356 reliqua
2304 4284 2592 4353 supplevit
2605 4305 2623 4343 ,·
2669 4279 2705 4336 f.
2740 4322 2752 4336 .
2788 4322 2799 4333 .

611 4369 700 4427 cd.
876 4366 953 4425 31
1004 4366 1237 4443 inospita
1281 4367 1586 4423 BarthiuS.
