3267 5075
1211 368 1430 422 LIBER
1465 367 1558 421 VI.
1595 368 1715 423 vn.
2475 370 2604 434 217

322 542 442 596 dies
477 539 674 611 festus
719 540 883 611 vulyo
929 538 1292 593 existimatus
1333 535 1464 590 idus
1506 534 1683 607 Any„
1740 535 1894 607 quod
1936 549 2002 591 eo
2046 537 2138 592 die
2185 536 2313 594 Ser.
2367 539 2606 611 Tullius,

323 631 495 681 nutus
538 638 774 693 servuS,
820 623 1019 678 aedem
1062 621 1291 677 Dianae
1334 620 1685 676 dedicaverit
1725 622 1786 675 in
1828 619 2135 690 Aventino,
2184 624 2351 679 cuius
2395 627 2609 681 tutelae

323 711 431 765 sint
476 711 667 778 cervi,
724 726 760 762 α
805 723 918 779 quo
964 708 1261 762 eeleritate
1311 704 1588 776 fuyitivos
1645 710 1846 760 vocent
1890 720 2133 762 cervos.-
2170 728 2254 746 -·--
2309 724 2474 781 quem
2526 711 2608 780 pl.

324 810 371 849 e.
404 811 457 866 q.
488 810 536 848 s·
556 791 690 859 ;.cl‘
725 791 778 847 d.
812 809 857 846 r.
890 807 959 846 m.
999 789 1097 861 12,
1134 789 1227 846 13.
1264 789 1364 844 20.
1440 790 1514 843 ita
1558 794 1612 843 et
1658 788 2040 845 Archestratus
2086 807 2170 864 ap.
2221 791 2415 891 Athen
2468 787 2607 869 [Vll,
2694 794 2707 803 '

293 877 444 936 .384
468 872 528 953 e]
575 876 644 933 de
687 877 835 949 pisce
879 875 1110 949 quodam
1150 874 1352 929 aversis
1385 872 1549 928 Musis
1578 873 1853 947 appellato
1898 865 1972 929 ὃν
2015 867 2082 929 ἐν
2108 867 2297 976 μέτρῳ
2327 868 2399 932 οὐ
2429 869 2607 950 θέμις

323 958 538 1025 elusim
584 961 777 1016 Critias
822 959 1006 1039 l'rgm.
1033 958 1069 1014 3
1114 957 1199 1014 ed.
1246 957 1573 1031 Bergkianae
1616 949 1688 1014 οὐ
1729 948 1841 1033 γάρ
1870 974 1994 1026 πως
2024 945 2102 1033 ἦν
2133 951 2376 1034 τοῦνομ’
2421 954 2605 1038 ἐφαρ-

319 1041 519 1121 μόζειν
558 1039 809 1123 ἐλεγείῳ.

491 1131 592 1189 26.
669 1124 838 1185 τόνδε
881 1122 1207 1204 ἐξήρπαξεν
1242 1117 1571 1189 Ἀπόλλων;
1628 1126 1687 1183 ΙΙ.
1735 1127 1850 1198 ΧΧ,
1890 1126 2035 1185 443.
2091 1158 2177 1169 —
2228 1127 2396 1204 longe
2451 1129 2610 1186 aliter

321 1217 453 1273 haec
506 1215 795 1271 constituit
849 1213 1222 1269 Lachmannus
1288 1213 1341 1267 in
1400 1213 1684 1285 prooemio
1752 1211 1876 1268 lect.
1933 1219 2069 1268 aest.
2128 1215 2271 1271 univ.
2328 1213 2503 1271 Berol.
2562 1233 2609 1270 a.

579 1417 648 1466 ut·
686 1411 736 1467 vi
777 1409 1047 1481 discrepat
1092 1408 1223 1463 hoc:
1272 1401 1372 1463 τὸν
1414 1399 1474 1462 δ’
1522 1400 1851 1480 ἐξήρπαξεν
1890 1398 2190 1465 Ἀπόλλων

577 1490 709 1571 ῥεῖα
749 1486 893 1568 μάλ’
938 1485 1081 1561 (fis-ts
1125 1484 1288 1561 θεός.
1369 1492 1511 1566 sugit
1556 1508 1711 1565 erge.

321 1617 416 1674 sed
460 1615 537 1671 ibi
580 1614 732 1670 vides
786 1611 1093 1669 traditionis
1149 1614 1401 1686 antiquae
1458 1611 1657 1681 nullam
1712 1611 1896 1667 haberi
1951 1614 2243 1682 rationen13
2301 1631 2421 1671 nam
2477 1616 2612 1672 illud

323 1718 478 1776 erqo,
527 1699 676 1774 quod
719 1698 924 1754 addunt
968 1696 1304 1753 membranae
1347 1703 1475 1769 post
1515 1699 1644 1769 fiat,
1690 1714 1800 1752 non
1846 1704 1933 1751 est
1977 1697 2184 1769 Lucilii,
2228 1697 2323 1755 sed
2367 1699 2612 1775 Porphy-

321 1787 518 1857 rionis,
556 1792 613 1840 et
656 1784 894 1857 pertinet
936 1779 1000 1835 ad
1044 1783 1322 1855 sequentia
1367 1812 1451 1821 —-
1498 1781 1709 1836 videtur
1750 1782 1920 1855 igitur
1964 1781 2200 1838 Lucilius
2243 1783 2478 1841 Homero
2523 1802 2612 1841 ex-

322 1869 621 1946 probrare,
675 1866 817 1947 quod
864 1883 1024 1939 saepe
1069 1883 1158 1921 res
1201 1866 1472 1939 simplices
1516 1866 1836 1923 commentis
1888 1865 2293 1924 incredibilibus
2348 1869 2610 1938 invertat3

322 1955 392 2010 cs.
444 1953 554 2024 XV,
603 1953 659 2008 1.
2600 1992 2606 1997 -

494 2037 602 2109 Vll,
633 2038 691 2092 2.
751 2035 987 2107 Gentio’,
1021 2043 1081 2090 ut
1112 2034 1235 2090 alibi
1266 2035 1537 2107 scorpio',
1584 2035 2036 2092 rhetorz'eotero'.
2084 2066 2165 2075 -
2211 2036 2314 2093 suit
2343 2055 2464 2095 cum
2496 2056 2611 2095 cre-

322 2123 511 2180 derem
557 2124 613 2178 in
658 2122 952 2194 archetypo
995 2120 1152 2175 Nonii
1208 2119 1467 2175 librorum
1523 2121 1819 2193 antiquitus
1874 2120 2043 2176 fuisse
2087 2129 2358 2191 exaratum
2390 2124 2522 2180 ·hoc
2565 2129 2617 2181 si

323 2231 498 2334 ayrff,
547 2275 669 2314 cum
693 2257 962 2313 voluisset
992 2255 1165 2312 scriba
1199 2257 1381 2329 potius
1412 2228 1510 2312 sim
1542 2266 1702 2330 uqi-o,
1737 2262 1798 2310 ut
1827 2264 1973 2312 esset
2003 2261 2090 2314 sin
2120 2258 2323 2332 Αργος·
2345 2259 2441 2314 sed
2472 2261 2612 2316 enim

325 2342 605 2400 fatendum
638 2341 771 2397 nibil
802 2358 922 2396 esse
954 2342 1217 2414 comperti
1261 2339 1327 2396 de
1359 2357 1529 2414 puero
1560 2340 1789 2396 delicato
1820 2338 2008 2396 Lucilii
2040 2342 2286 2416 Ayrone.
2338 2374 2435 2393 —.
2461 2361 2613 2418 prae·

325 2438 471 2485 terea
520 2427 713 2483 mirum
761 2434 1018 2499 quantum
1064 2425 1253 2482 favent
1285 2426 1651 2497 coniecturae,
1696 2441 1854 2498 quam
1902 2426 2187 2482 intextum
2230 2429 2430 2501 recepi,
2477 2446 2614 2502 quae

323 2514 589 2588 leguntur
632 2512 812 2567 statim
859 2513 910 2567 si
949 2511 1264 2567 decesserit
1308 2510 1341 2564 i.
1390 2526 1437 2570 e.
1484 2516 1746 2567 mortuus
1799 2514 1910 2566 erit
1952 2512 2207 2569 Gentius,
2251 2543 2335 2552 ——
2388 2516 2474 2570 sei
2514 2532 2613 2589 pro

327 2603 379 2656 si
409 2617 478 2662 a,-
522 2594 765 2670 cf.'quae
794 2596 1043 2652 dicentur
1072 2596 1135 2650 ad
1168 2595 1389 2666 XXVlll,
1421 2594 1520 2652 23.
1569 2626 1651 2634 -—
1696 2597 1791 2652 hie
1823 2603 1928 2666 est,
1968 2604 2211 2669 praesto
2242 2601 2322 2655 ud
2346 2599 2614 2656 damnum

329 2683 825 2755 conpensundum.
2604 2717 2611 2722 —

499 2768 556 2824 3.
629 2772 896 2839 praetor,
940 2766 986 2820 is
1030 2765 1096 2820 de
1144 2781 1252 2837 quo
1295 2765 1476 2838 agitur
1516 2764 1602 2836 Xl,
1633 2763 1694 2820 4.
1751 2794 1836 2806 -
1893 2764 2048 2821 verba
2105 2766 2178 2821 ita
2220 2766 2612 2842 intellegenda:

325 2857 474 2911 mein
517 2857 764 2925 praetor
815 2851 1051 2925 yekoert
1093 2852 1215 2913 cur,-
1272 2851 1426 2922 pueri
1469 2848 1684 2905 delicati
1728 2850 1841 2905 vice
1895 2850 2201 2908 functurus.
2292 2847 2613 2926 quamquam

326 2945 563 3013 possunt
604 2935 694 2992 illa
738 2936 896 2991 etiam
928 2936 1001 2990 ita
1031 2935 1222 3008 accipi:
1269 2937 1397 2991 dein
1435 2941 1685 3005 praetor
1710 2935 1946 3007 qehoert
1974 2938 2099 2991 mir.
2145 2964 2228 2976 κ·-
2273 2945 2401 2992 sunt
2444 2938 2617 3012 igitur

329 3021 486 3079 verba
531 3029 624 3077 aut
667 3021 820 3076 amici
862 3019 1194 3076 consolantis
1223 3017 1488 3075 Lucilium
1520 3027 1749 3093 propter
1789 3020 2148 3093 propinquam
2181 3029 2409 3077 mortem
2441 3021 2618 3078 Gentii

329 3114 425 3163 aut
467 3108 639 3180 ipsius
671 3104 858 3160 Lucilii
889 3103 952 3159 ad
984 3105 1229 3160 amicum.
1297 3111 1454 3160 tuum
1498 3119 1623 3159 esse
1671 3099 1800 3177 (sive
1829 3120 2010 3160 meum
2044 3103 2222 3175 esse);
2269 3106 2341 3160 ita
2373 3105 2408 3163 l.
2440 3106 2615 3162 xxvn

329 3210 459 3249 cum
504 3193 736 3264 appello
781 3206 961 3245 meam
1006 3206 1070 3244 ac
1111 3189 1325 3262 saepius
1368 3186 1512 3257 alibi,
1560 3190 1786 3244 maxime
1829 3189 1970 3262 apud
2002 3189 2259 3245 eroticoS.
2307 3221 2392 3231 —
2436 3208 2615 3262 meus,

330 3284 458 3333 nota
507 3277 681 3331 minus
727 3274 1007 3348 eleganter
1050 3279 1175 3346 post
1219 3272 1490 3346 dactylum
1537 3274 1755 3328 tertium
1804 3273 1961 3329 incidi
2006 3291 2246 3330 sensum.

502 3359 561 3417 4.
637 3359 704 3415 de
749 3375 921 3432 puero
966 3357 1229 3428 delicato,
1276 3357 1403 3412 olim
1448 3355 1550 3412 sibi
1594 3356 1849 3430 laudato,
1906 3375 2050 3414 nunc
2103 3375 2231 3414 vero
2285 3359 2460 3415 inviso
2504 3362 2617 3434 agit

330 3445 586 3502 Lucilius.
659 3445 703 3499 is
750 3442 854 3499 fuit
882 3442 1027 3499 haud
1071 3441 1230 3498 dubie
1261 3440 1505 3516 Maced03
1555 3459 1677 3498 nam
1708 3443 1958 3499 Gentium
1988 3442 2338 3517 languentem
2370 3451 2425 3500 et
2456 3446 2617 3501 morti

332 3532 636 3605 proximum
681 3526 810 3584 alias
853 3528 984 3584 dicit
1027 3528 1078 3582 in
1127 3527 1231 3583 hoc
1274 3526 1412 3583 libro
1443 3525 1698 3583 Lucilius,
1751 3558 1826 3566 -—
1874 3527 1937 3582 ad
1983 3526 2267 3583 discidium
2297 3544 2418 3584 cum
2450 3525 2618 3585 Mace-

332 3616 476 3672 done
521 3615 721 3670 sactum
764 3611 980 3669 videtur
1023 3613 1180 3667 etiam
1225 3613 1471 3684 spectare
1516 3611 1652 3667 illud
1685 3628 1840 3668 nune
1876 3618 2127 3684 praetor
2158 3619 2292 3670 tuus
2320 3620 2406 3670 est
2435 3630 2616 3690 meus,

227 3741 237 3752 .
333 3704 384 3756 si
423 3701 740 3757 decesserit
782 3698 967 3754 horno
1014 3697 1263 3753 Gentios.
1307 3727 1386 3738 —-
1436 3696 1499 3751 ad
1533 3696 1679 3752 hunc
1718 3698 1894 3770 ipsum
1935 3696 2214 3769 pertinent
2246 3715 2293 3753 v.
2327 3696 2366 3755 l.
2397 3697 2619 3755 xxvnu

588 3818 819 3891 Apolost
863 3834 1094 3888 numen,
1141 3818 1234 3890 qui
1282 3825 1335 3871 te
1378 3817 1612 3894 antiquis
1658 3833 1768 3872 nou
1811 3818 1954 3871 sinet

588 3902 795 3958 deliciis
840 3902 897 3975 (i.
932 3920 980 3958 e.
1015 3901 1371 3974 Hyacinthe)
1417 3901 1676 3956 maculam
1722 3893 1885 3975 atque
1930 3902 2280 3976 ignominiam
2326 3905 2617 3977 inponere3

336 4024 478 4081 unde
519 4024 773 4097 sequitur
818 4023 958 4078 hunc
1004 4021 1196 4079 librum
1239 4021 1391 4096 prius
1437 4038 1555 4077 esse
1600 4023 1969 4096 conscriptum
2014 4023 2270 4096 septimo.

504 4110 563 4167 6.
635 4107 844 4180 fautor
896 4106 1213 4177 adiectivum
1268 4113 1329 4162 ut
1389 4123 1473 4179 ap.
1529 4105 1779 4162 Flaccum
1834 4109 1963 4180 quis
2018 4115 2131 4164 tam
2184 4107 2372 4163 Lucili
2409 4107 2621 4179 fautor

333 4199 609 4267 ineptest3
653 4196 737 4249 sic
775 4194 983 4263 fautor
1013 4199 1280 4249 veterum.
1326 4220 1410 4231 ——
1452 4198 1694 4247 ceterum
1722 4191 1829 4248 hoc
1857 4198 1914 4247 et
1941 4208 2025 4264 sq.
2058 4191 2217 4264 srgm.
2252 4207 2390 4264 quos
2420 4191 2621 4265 legisse

333 4280 500 4336 refert
551 4278 707 4350 facit·
754 4276 984 4347 GellinS‚
1043 4278 1237 4333 veteris
1289 4275 1461 4332 Latini
1514 4278 1780 4331 sermonis
1831 4291 2090 4332 sonorum
2142 4273 2341 4330 nullam
2401 4276 2620 4333 omuino

336 4363 589 4420 habuisse
622 4363 882 4418 rationein
909 4362 1061 4418 facile
1085 4370 1322 4436 apparet.
1383 4377 1559 4435 neque
1605 4361 1773 4435 magis
1804 4360 2025 4417 hercule
2069 4357 2327 4435 gignendi
2354 4377 2483 4416 casu
2528 4369 2623 4417 aut
