3267 5075
592 292 631 354 8
1568 292 1641 346 LI
1650 292 1789 345 BER
1824 292 1890 345 ΙΙ.

1579 453 1675 518 VI
1723 455 1818 536 [4]
1847 453 1881 517 f

747 542 1132 633 ‘iniuriatum
1174 568 1347 634 hunc
1393 569 1462 633 in
1505 568 1724 634 fauces
1770 568 2027 634 invasse
2074 568 2484 652 animamque

635 684 718 749 10
763 685 1005 749 elisisse
1050 684 1162 748 illi.

1239 901 1247 908 ,
1554 798 1683 864 VH
1731 800 1826 880 [1]
1858 819 1903 884 s

763 918 957 997 quom'
1002 914 1131 979 illic
1176 914 1488 980 vidissenis
1531 912 1902 979 Hortensiu'
1948 913 2474 999 Postumiusque,

764 1029 956 1093 ceteri
999 1030 1180 1114 ilem,
1225 1030 1294 1094 in
1339 1031 1566 1116 capulo
1610 1029 1784 1093 hunc
1830 1052 1964 1094 non
2010 1051 2150 1094 esse
2197 1029 2522 1115 aliumque
2569 1031 2826 1096 cubare.
2907 1076 2920 1082 -

1303 1130 1314 1139 ⁶
1444 1144 1605 1210 VIII
1653 1144 1828 1228 [IIII,
1874 1145 1942 1225 3]
1974 1168 2013 1209 a
2869 1139 2886 1146 ⁸

763 1279 916 1322 nam
962 1258 1114 1342 quid
1159 1257 1446 1325 Moetino
1493 1261 1918 1346 subrectoque
1962 1260 2114 1325 huic
2160 1258 2304 1346 opu'
2354 1261 2575 1347 signo,

764 1374 838 1436 ui]
881 1373 1232 1439 lui-caretur
1275 1375 1526 1441 lardum
1573 1379 1640 1440 et
1683 1376 1976 1441 carnaria
2018 1375 2241 1441 fartim

640 1485 722 1551 15
768 1488 1148 1553 conficeret?

1547 1604 1643 1669 IX
1690 1607 1829 1688 [16]
1859 1607 1902 1671 b

766 1720 906 1783 tum
950 1718 1154 1786 farcto
1201 1722 1419 1786 omnia
1465 1725 1618 1788 sunt
1662 1723 1908 1792 circum
1949 1725 2082 1787 lata
2151 1772 2412 1793 „„„„„

1567 1837 1630 1902 X
1678 1840 1819 1920 [21]
1849 1862 1883 1904 c

764 2001 1301 2025 υυυυυυυυυυ
1349 1954 1643 2020 lustratu'
1689 1955 1919 2040 piaizus.

1612 2070 1707 2135 XI
1754 2073 1849 2152 [2]

766 2203 1299 2256 -c„-„;,-c„..
1344 2186 1644 2254 Hosiiliu'
1692 2192 1917 2253 contra

767 2302 1012 2384 pesizem
1056 2303 1541 2389 permiiiemque
1588 2308 1775 2370 catax
1821 2326 2015 2388 quam
2071 2306 2136 2367 elz
2178 2302 2419 2368 Maniu'
2467 2304 2710 2371 nobeiS.

590 2486 808 2543 duint:
838 2489 946 2555 qui
968 2489 1178 2541 utinam
1201 2495 1287 2543 est
1310 2496 1373 2542 ut
1396 2490 1718 2544 Lucilius
1742 2490 1799 2540 in
1826 2490 2075 2544 secundo,
2154 2490 2231 2541 VI
2254 2490 2394 2542 Non.
2414 2494 2531 2557 291,
2559 2495 2623 2544 27
2643 2493 2900 2546 elidere

591 2557 754 2608 etiam
787 2556 1069 2609 excludere
1105 2558 1398 2625 significat,
1471 2559 1745 2624 Vergilius
1771 2586 1836 2594 —-
1860 2558 2093 2610 Plautus
2129 2585 2196 2595 —-
2229 2560 2542 2612 Lucilius
2581 2566 2896 2625 satyrarum

589 2624 683 2676 lib.
701 2626 771 2677 II.
860 2626 964 2678 VII
997 2626 1137 2678 Non.
1157 2630 1206 2690 4,
1226 2630 1294 2679 20
1317 2628 1622 2697 capulum
1646 2627 1847 2678 dicitur
1873 2626 2002 2692 quid
2039 2627 2133 2677 uid
2156 2626 2395 2692 aliquam
2419 2643 2531 2678 rem
2555 2629 2705 2680 intra
2728 2646 2784 2681 se
2804 2647 2897 2681 ca-

590 2694 697 2760 pit:
735 2711 859 2745 nam
884 2696 1284 2761 sarcophagum
1307 2697 1364 2747 id
1389 2701 1476 2748 est
1501 2695 1850 2762 sepulchrum
1876 2709 2016 2761 capu
2039 2711 2126 2745 um
2151 2695 2259 2745 dici
2283 2702 2501 2748 veteres
2527 2696 2897 2764 volunt.quod

593 2778 821 2829 corpora
858 2763 1055 2829 capiat.
1101 2763 1329 2816 Plautus
1360 2791 1414 2800 -
1444 2765 1586 2815 idem
1609 2785 1677 2793 -
1702 2763 1913 2815 Novius
1937 2788 2003 2798 -
2029 2762 2334 2813 Lucilius
2359 2768 2668 2826 satyrarum
2690 2765 2785 2820 lib.
2817 2768 2896 2818 11.

690 2832 828 2883 VIII
862 2831 1004 2882 Non.
1033 2834 1112 2896 10,
1135 2835 1198 2884 31
1225 2832 1534 2884 lurcones
1560 2829 1957 2896 (lurchones
1983 2829 2190 2896 Bamb.)
2214 2831 2347 2881 dicti
2370 2847 2404 2881 a
2427 2831 2755 2884 lurchandot
2781 2834 2896 2885 lur-

589 2899 748 2950 chare
782 2907 868 2952 est
893 2915 1012 2951 cum
1036 2899 1300 2952 aviditate
1336 2900 1516 2952 cibum
1550 2914 1775 2955 sumere.
1845 2898 2152 2949 Lucilius
2184 2905 2492 2963 satyrarum
2527 2899 2622 2951 lib.
2646 2902 2717 2952 11.
2811 2903 2896 2953 IX

587 2967 724 3024 Non.
746 2970 861 3030 261,
882 2970 948 3018 26
969 2968 1399 3020 circumferre
1418 2974 1503 3020 est
1520 2969 1740 3035 proprie
1757 2966 2010 3022 lustrare.
2044 2968 2090 3017 L
2106 2966 2357 3018 ucilius
2376 2973 2684 3032 satyrarum
2703 2967 2799 3023 lib.
2823 2971 2895 3025 11.

655 3038 706 3087 X
730 3038 869 3087 Non.
889 3039 1005 3095 335,
1029 3040 1089 3088 12
1113 3037 1178 3088 lu
1192 3041 1409 3088 strare
1429 3037 1668 3102 expiare.
1704 3034 2050 3100 Vergilius—
2068 3034 2374 3086 Lucilius
2394 3041 2703 3100 satyrarum
2722 3037 2814 3092 lib.
2836 3039 2896 3090 11

2624 3131 2655 3161 a
2681 3132 2740 3160 m.
2769 3121 2794 3159 2

595 3173 741 3240 (VB,
768 3171 941 3239 Gen.).
1011 3172 1090 3222 XI
1113 3173 1162 3223 N
1165 3189 1251 3224 on.
1270 3174 1355 3236 25,
1379 3174 1442 3224 18
1472 3176 1667 3223 catax
1691 3172 1908 3235 dicitur,
1927 3186 2081 3237 quem
2099 3186 2245 3223 nunc
2263 3186 2523 3223 coxonem
2549 3171 2894 3237 (coxonem

591 3244 639 3294 L
679 3241 728 3308 1)
768 3246 983 3293 vocant.
1052 3240 1364 3293 Lucilius
1401 3246 1708 3306 satyrarum
1742 3239 1882 3291 libro
1919 3238 2062 3304 (add.
2104 3241 2148 3290 L
2190 3243 2211 3289 1
2232 3278 2246 3304 ,
2284 3255 2385 3291 om.
2422 3238 2491 3306 G)
2536 3240 2609 3292 11.
2647 3267 2711 3277 -—
2745 3240 2895 3292 idem

589 3365 708 3428 218,
745 3364 810 3414 32
847 3361 1197 3427 permities
1237 3324 1560 3427 (permitiasm‘
1587 3325 1612 3364 2
1640 3362 1687 3411 L
1730 3362 1776 3423 1,
1814 3338 2074 3426 pe⁸rnities
2109 3376 2178 3415 m.
2212 3361 2242 3409 2
2277 3357 2347 3425 G)
2384 3361 2594 3425 generis
2630 3358 2894 3412 feminini.

763 3541 799 3597 9
846 3541 1190 3605 iniuriatum;
1237 3544 1318 3598 ila
1363 3541 1459 3612 B,·
1487 3539 1552 3612 G,
1599 3541 1648 3597 L
1683 3540 1737 3595 1.
1895 3538 1973 3596 10
2017 3538 2177 3596 elisse
2221 3540 2293 3596 B.
2448 3539 2521 3596 11
2573 3557 2737 3614 quom
2779 3539 2894 3597 illic

591 3627 672 3696 M,
723 3641 883 3699 quem
928 3624 1008 3681 illi
1040 3642 1160 3682 cum
1209 3624 1492 3700 (sequitur
1521 3620 1579 3704 u)
1630 3625 1693 3695 G,
1729 3624 1955 3694 Bamb.,
1989 3625 2037 3682 L
2070 3625 2128 3697 1,
2172 3625 2219 3681 L
2253 3624 2320 3699 23
2372 3625 2418 3682 G
2463 3641 2624 3698 quem
2656 3626 2895 3683 exhibet

591 3729 665 3766 m.
719 3709 748 3765 1
800 3710 1054 3766 additum
1099 3716 1235 3767 ante
1278 3711 1357 3767 illi
1400 3714 1460 3768 in
1506 3711 1785 3784 maryine.
1965 3709 2041 3767 13
2088 3708 2454 3784 subrectoque
2497 3710 2569 3781 D,
2617 3709 2893 3766 subiecto·

595 3810 699 3868 que
742 3794 892 3851 libri.
1068 3794 1147 3850 14
1194 3794 1496 3852 lurcaretur
1541 3815 1613 3867 v.,
1663 3793 2005 3870 lurcharetur
2049 3795 2174 3852 cdd.
2221 3824 2304 3834 —
2344 3803 2478 3868 post
2506 3794 2687 3851 fartim
2716 3793 2898 3869 (quod

590 3897 663 3936 m.
712 3877 750 3934 2
795 3893 981 3951 supra
1027 3895 1142 3937 scr.
1190 3883 1251 3937 in
1294 3881 1341 3937 L
1390 3877 1453 3956 1)
1498 3883 1630 3939 add.
1677 3896 1867 3955 parum
1915 3880 1978 3952 G,
2026 3880 2074 3937 L
2107 3880 2173 3950 13
2220 3897 2324 3937 om.
2369 3880 2648 3952 Moralem,
2679 3881 2888 3937 Bamb.

592 3965 640 4022 L
671 3962 728 4020 2.
936 3963 1012 4020 16
1061 3964 1230 4021 sarcio
1275 3965 1343 4021 M
1357 3983 1371 4028 ;
1420 3964 1559 4023 sarto
1603 3966 1760 4036 Iun„
1810 3963 1950 4022 sacto
2000 3965 2062 4035 G,
2110 3966 2158 4022 L
2191 3965 2249 4037 1,
2296 3963 2433 4023 sacta
2478 3965 2640 4036 Gen„
2685 3965 2758 4020 B.
2809 3995 2889 4007 —

591 4065 711 4104 suin
757 4049 831 4105 B.
876 4076 961 4089 —-
1005 4050 1318 4107 circumlata
1363 4051 1586 4122 Iuniam,
1634 4053 1836 4108 circum
1881 4050 2021 4107 latus
2064 4051 2215 4107 libri.
2372 4043 2449 4108 18
2493 4049 2754 4120 Hostilius
2799 4053 2894 4107 ed.

592 4135 735 4191 Luc.
791 4134 1004 4204 Turia,
1053 4134 1342 4192 hostilibus
1388 4137 1514 4193 cdd.
1650 4136 1725 4193 19
1770 4137 2182 4211 permitiemque
2227 4143 2470 4210 utroque
2510 4138 2549 4193 l.
2582 4136 2629 4192 L
2663 4135 2720 4208 1,
2764 4152 2894 4210 per-

595 4219 914 4293 miciemquc
965 4223 1169 4292 priore
1216 4221 1290 4292 G,
1351 4229 1459 4279 cei.
1506 4223 1615 4279 vid.
1677 4230 1970 4279 comment.
2017 4250 2102 4261 —-
2146 4220 2345 4278 Manius
2391 4222 2457 4278 M
2493 4219 2608 4291 40,
2662 4219 2894 4277 Manlius

596 4322 648 4361 v.
701 4333 771 4344 —
825 4304 946 4363 218
993 4306 1184 4362 novius
1232 4306 1299 4380 G,
1345 4324 1519 4363 novus
1563 4308 1610 4365 L
1647 4307 1701 4380 1,
1747 4304 1902 4364 nobis
1947 4309 2075 4365 cdd.
2125 4305 2224 4364 25.
