3267 5075
696 327 955 389 XXVIII
1153 313 1682 383 QUAESTlomm
1721 312 2278 369 LUC1L1ANARUM
2317 314 2558 370 LIBER.

878 489 945 548 In
984 475 1241 546 editione
1278 485 1457 546 Nonii
1494 483 1827 556 Basiliensi,
1879 504 2033 561 quae
2069 487 2295 561 prodiit
2331 506 2384 545 a.
2431 487 2622 560 1842,
2663 490 3004 565 propositae

700 601 843 658 sunt
868 616 907 655 a
934 594 1193 654 Bothio
1220 593 1590 652 coniecturae
1618 611 1738 650 non
1765 592 1852 651 ita
1879 593 2104 651 multae
2133 593 2238 652 sed
2267 612 2375 652 eae
2404 613 2478 652 ex
2505 598 2681 669 parte
2710 597 3003 673 egregiae.

879 703 1141 764 Tandem
1179 700 1412 761 coalitis
1440 719 1649 758 rursus
1686 703 1827 758 ante
1863 719 2051 759 annos
2085 699 2213 759 fere
2251 699 2420 758 XXX
2455 702 3006 763 vetustissimorum

702 816 1058 891 scriptorum
1104 810 1455 870 Latinorum
1501 808 1734 882 studiis,
1794 828 1948 886 quae
1993 808 2304 868 Ritschelii
2351 809 2734 885 potissimum
2780 811 3008 871 virtute

704 925 841 998 post
876 919 1223 996 scaligero&
1261 915 1517 988 Grotios,
1554 915 1801 975 Vossios
1839 934 1911 974 ex
1946 915 2126 991 longo
2164 918 2309 974 sunt
2341 918 2596 977 veterno
2632 919 3008 991 resuscitata,

704 1029 897 1106 magis
924 1027 1235 1103 magisque
1258 1023 1619 1084 desiderium
1648 1041 1835 1082 novae
1855 1022 2070 1081 Lucilii
2099 1025 2445 1081 saturarum
2463 1025 2825 1083 recensionis
2854 1044 3011 1084 com-

706 1141 935 1195 motum
973 1137 1069 1192 est
1102 1131 1441 1192 hominibus
1477 1130 1686 1189 doctis,
1757 1129 1840 1187 ibi
1875 1129 1978 1188 alii
2015 1129 2150 1200 alia,
2194 1128 2298 1187 sed
2333 1148 2514 1189 nemo
2550 1131 2729 1205 plura
2763 1132 3011 1191 molitus

708 1247 803 1302 est
829 1241 1085 1302 Carolo
1113 1238 1587 1308 Lachmanno,
1625 1236 1728 1313 qui
1756 1255 1890 1294 cum
1920 1235 2086 1311 prius
2124 1236 2199 1294 de
2226 1235 2438 1295 metris
2469 1236 2685 1296 Lucilii
2717 1239 3012 1300 librorum

708 1370 841 1411 cum
870 1369 1013 1408 cura
1039 1348 1373 1424 quaesisset
1411 1341 1556 1420 [ind.
1585 1343 1721 1401 lect.
1759 1343 1918 1401 univ.
1949 1343 2143 1403 Berol.
2173 1363 2226 1401 a.
2260 1345 2433 1402 1849
2464 1341 2584 1419 ed.]
2626 1349 2690 1404 et
2715 1347 3012 1422 quaedam

709 1458 973 1518 eiusdem
1014 1456 1365 1532 fragmenta,
1404 1451 1581 1512 Nonii
1610 1451 1867 1510 maxime
1903 1450 2136 1527 sylloge
2165 1454 2422 1525 servata,
2459 1454 2822 1527 temptasset
2849 1454 3012 1513 haud

708 1564 1037 1632 infeliciter,
1094 1581 1229 1619 mox
1285 1559 1571 1618 subnixus
1623 1557 2049 1617 commentario
2101 1557 2479 1632 Lucretiano,
2536 1560 2632 1617 cui
2687 1560 3014 1635 specimina

709 1674 992 1749 pleraque
1021 1669 1353 1728 studiorum
1374 1666 1818 1726 Lucilianorum
1837 1665 2188 1737 inseruerat,
2218 1666 2293 1724 (le
2323 1685 2481 1725 nova
2497 1668 2842 1727 recensione
2866 1668 3014 1727 sati-

710 1779 814 1838 rici
851 1777 1045 1854 coepit
1079 1774 1341 1852 cogitare
1370 1772 1541 1832 serio.
1598 1773 1704 1831 sed
1732 1791 1868 1830 eum
1897 1773 2009 1832 hoc
2045 1772 2244 1849 ipsum
2271 1791 2408 1831 cum
2441 1773 2700 1832 maxime
2728 1778 3012 1850 agentem

710 1906 869 1946 mors
910 1884 1208 1961 oppressit
1246 1882 1580 1941 immatura.
1653 1879 1904 1939 schedae
1954 1882 2157 1939 autem
2201 1880 2329 1939 eius
2372 1882 2707 1940 translatae
2749 1885 2896 1941 sunt
2935 1883 3011 1941 ad

712 1992 1059 2053 Mauricium
1088 1989 1438 2066 Hauptium,
1468 1989 1864 2064 professorem
1892 2005 2049 2045 nunc
2075 1986 2545 2047 Berolinensem.

886 2099 1013 2158 Iam
1042 2099 1117 2158 de
1137 2096 1501 2156 Lachmanni
1531 2095 1746 2154 studiis
1766 2093 2089 2153 Lucilianis
2113 2113 2249 2152 cum
2277 2097 2374 2154 tot
2398 2094 2556 2154 falsa
2582 2095 2773 2154 didita
2799 2096 2927 2155 sint
2951 2097 3010 2154 in

709 2208 945 2284 vulgus,
989 2206 1188 2283 placet
1214 2204 1454 2263 tandem
1492 2202 1812 2279 aliquando
1849 2201 2040 2277 promi
2068 2219 2249 2279 vera..
2284 2201 2472 2277 igitur
2499 2201 2778 2261 Hertzius
2805 2206 3014 2262 noster

710 2318 770 2375 in
809 2315 936 2374 vita
973 2311 1335 2372 Lachmanni
1375 2308 1542 2388 [pgg.
1578 2311 1721 2382 149,
1754 2306 1865 2384 50]
1909 2327 2044 2367 cum
2079 2312 2393 2368 narrasset
2434 2310 2511 2368 ad
2547 2309 2727 2368 finem
2755 2309 2883 2369 fere
2913 2312 3014 2370 ad-

710 2425 951 2483 ductam
978 2441 1016 2481 a
1042 2419 1423 2479 Lachmanno
1444 2417 1659 2477 Lucilii
1688 2417 2158 2493 fragmentorum
2178 2416 2601 2490 recensionem,
2631 2437 2812 2493 quam
2840 2418 3014 2479 brevi

712 2530 1012 2592 editurum
1031 2526 1287 2589 amicum
1315 2525 1442 2587 eius
1471 2529 1536 2586 et
1562 2526 1932 2600 sectatorem,
1961 2523 2178 2583 arrecti
2202 2527 2378 2584 erant
2394 2523 2806 2601 expectatione
2824 2525 3013 2586 homi-

710 2658 855 2699 num
884 2639 1194 2697 doctorum
1227 2633 1424 2694 animi.

890 2744 1116 2804 Deinde
1153 2743 1259 2803 1118
1284 2762 1419 2802 cum
1447 2742 1655 2801 multis
1692 2740 1861 2801 annis
1888 2760 2008 2800 non
2035 2743 2422 2815 compareret,
2462 2739 2705 2815 quidam
2735 2743 3011 2818 argutius

711 2874 889 2931 quam
920 2852 1119 2912 verius
1148 2854 1275 2910 tam
1303 2850 1467 2926 longi
1494 2849 1781 2926 temporis
1808 2867 2007 2907 moras
2033 2846 2414 2921 interpretati
2442 2865 2665 2923 magna
2690 2847 3016 2909 firmabant

713 2959 1167 3031 asseveratione,
1212 2978 1397 3017 unum
1428 2957 1790 3017 versiculum
1822 2953 2096 3014 editionis
2130 2952 2651 3012 Lachmannianae
2682 2954 2746 3012 in
2780 2956 3013 3015 scriniis

713 3067 963 3146 Hauptii
986 3085 1127 3127 casu
1151 3064 1371 3124 infelici
1394 3063 1720 3136 delituisse,
1746 3063 1992 3138 eiusque
2015 3060 2389 3136 irreparabili
2412 3060 2644 3119 iactura
2657 3061 3013 3138 Hauptium,

711 3177 814 3254 qui
827 3174 975 3235 nihil
991 3172 1105 3233 nisi
1121 3172 1197 3231 ab
1212 3171 1371 3231 omni
1385 3173 1555 3247 parte
1566 3170 1833 3246 perfecta
1845 3169 2136 3246 invulgus
2147 3187 2419 3243 promere
2435 3169 2670 3241 soleret,
2681 3169 3012 3245 inductum,

715 3287 782 3343 ut
804 3286 1041 3342 tantum
1064 3283 1414 3341 thesaurum
1429 3277 1735 3338 hominum
1749 3277 2058 3337 doctorum
2082 3274 2390 3333 desideriis
2406 3275 2715 3335 invideret.
2742 3277 2847 3336 sed
2863 3277 3015 3336 nihil

713 3393 927 3451 horum
971 3407 1181 3447 verum
1235 3391 1342 3447 aut
1384 3385 1710 3449 verisimile
1762 3384 1923 3444 omni
1968 3384 2217 3459 pignore
2263 3384 2465 3458 potest
2513 3382 2820 3443 affirmari.
2897 3385 3013 3460 ipsi

714 3498 933 3574 quippo
969 3494 1117 3554 mihi
1151 3494 1322 3553 licuit
1355 3474 1685 3552 identidem
1709 3490 2074 3550 Lachmanni
2105 3489 2395 3564 inspicere
2423 3490 2729 3565 exemplar
2756 3491 3013 3551 Lucilia-

715 3625 876 3665 num.
931 3605 1016 3664 ibi
1050 3604 1112 3662 in
1150 3603 1404 3663 editione
1433 3599 1755 3672 Turicensi‚
1799 3618 1951 3674 quae
1994 3597 2139 3658 satis
2182 3596 2510 3673 castigasse
2554 3596 2667 3656 sibi
2704 3597 3013 3658 videretur

714 3713 833 3788 ille,
862 3710 1096 3771 lineolis
1131 3708 1389 3768 inductis
1418 3711 1590 3767 erant
1625 3707 1841 3767 deleta.
1897 3706 2000 3766 sed
2030 3706 2189 3765 enim
2216 3706 2376 3764 haud
2403 3724 2595 3782 pauca
2622 3707 3009 3782 superfuisse,

715 3840 868 3900 quae
888 3820 1159 3880 carerent
1186 3816 1371 3895 signis
1399 3816 1548 3889 istis,
1580 3818 1643 3875 et
1668 3816 1731 3875 in
1758 3815 1852 3875 his
1879 3831 2032 3890 quae
2060 3832 2179 3872 non
2207 3813 2382 3874 modo
2407 3813 2870 3886 Lachmannum,
2903 3815 3011 3874 sed

715 3951 791 3991 ne
828 3925 1218 4007 proletarium
1253 3922 1494 4000 quidem
1528 3924 1750 3982 morari
1785 3924 2031 4000 possent
2066 3921 2349 3995 criticum,
2394 3923 2568 3981 testis
2606 3921 2878 3981 oculatus
2908 3922 3011 3981 ad-

715 4039 984 4102 serimus.
1014 4018 1291 4093 ‘ceterum
1311 4030 1570 4089 multum
1587 4028 1812 4089 distare
1825 4027 2192 4089 Lachmanni
2212 4029 2412 4088 studia
2426 4028 2736 4088 Luciliana
2752 4047 2790 4087 a
2807 4047 3007 4101 manu,

713 4147 872 4225 quod
900 4143 1133 4214 dicitur,
1174 4138 1389 4198 ultima
1424 4136 1596 4195 facile
1634 4137 1833 4212 potuit
1867 4134 2136 4211 intellegi
2164 4136 2497 4196 accuratius
2534 4134 2890 4194 rimantibus
2921 4153 3007 4208 ea,

713 4274 866 4334 quae
893 4253 970 4311 ad
1000 4246 1223 4310 satirici
1249 4244 1531 4321 reliquias
1553 4243 1949 4303 emendandas
1969 4241 2332 4320 pertinentia
2358 4241 2687 4319 publicavit
2714 4260 3007 4301 commen-

714 4363 867 4429 tario
896 4355 1271 4423 Lucretiano.
1328 4371 1399 4417 ea·
1427 4350 1584 4415 enim
1612 4351 2073 4433 haudquaquam
2102 4351 2243 4407 sunt
2278 4348 2460 4431 digna
2496 4350 2680 4412 tantis
2708 4349 3007 4441 laudibus,
