3267 5075
791 374 1321 441 QUAESTIONUM
1358 377 1920 448 LUCILIANARUM
1958 382 2192 439 LIBER.
2437 394 2640 452 XXIII

328 549 625 624 leguntur
665 548 729 606 in
770 546 1115 607 anecdoto
1158 547 1511 621 ParisinO,
1558 568 1629 608 ea
1673 569 1744 608 ex
1782 548 2049 611 Suetonii
2090 550 2225 630 περὶ
2261 556 2379 614 τῶν
2415 551 2480 613 ἐν
2515 560 2638 627 τοῖς

327 654 588 733 βιβλίοις
617 654 875 732 σημείων
903 656 1183 716 videntur
1211 675 1341 715 esse
1371 657 1563 716 ducta.

510 763 894 836 Isidorum,
926 763 1029 837 qui
1057 764 1407 838 plerumque
1436 783 1581 824 usus
1614 767 1708 824 est
1735 764 1903 825 libris
1925 766 2028 841 qui
2056 785 2163 825 nec
2192 768 2367 829 hodie
2401 771 2634 846 desunt,

322 874 434 932 ubi
473 875 635 934 solus
684 871 883 931 adfert
918 871 1214 946 dactylica
1250 871 1464 930 Lucilii
1502 890 1573 929 ex
1619 871 1986 947 plenioribus
2024 873 2190 932 Festi
2230 874 2631 953 Varronisque

325 981 769 1056 exemplaribus
808 957 1184 1054 potissimum
1223 979 1493 1037 hausisse
1524 979 1890 1052 crediderim,
1934 979 2191 1040 fortasse
2220 1002 2338 1043 uno
2368 985 2632 1045 alterove

321 1090 572 1146 auctore
599 1086 927 1158 interiecto,
967 1084 1133 1143 cuius
1166 1088 1408 1160 stupore
1437 1086 1512 1145 ab
1541 1086 1661 1144 11118
1691 1086 1842 1143 bene
1872 1088 2097 1146 tradita
2123 1089 2186 1146 in
2214 1089 2477 1149 deterius
2508 1112 2634 1149 mu-

321 1196 619 1253 tarentur.
687 1211 796 1267 per
831 1193 939 1252 hos
982 1192 1165 1250 etiam
1203 1192 1567 1252 trochaicum
1610 1211 1850 1251 versum
1894 1213 2072 1269 quem
2108 1214 2295 1255 unum
2338 1203 2633 1258 memorat

321 1300 712 1375 quantumvis
732 1300 1126 1374 depravatum
1156 1301 1218 1358 et
1245 1299 1546 1375 privatum
1575 1299 1724 1357 adeo
1752 1300 1988 1359 nomine
2019 1303 2277 1362 auctoris
2309 1322 2388 1366 ex
2406 1304 2633 1380 Nigidii

322 1406 566 1481 scriptis
597 1426 734 1464 eum
773 1406 1068 1481 accepisse
1098 1405 1448 1478 existimem,
1490 1407 1561 1464 de
1591 1425 1712 1481 qua
1738 1424 1803 1463 re
1833 1407 2058 1466 dictum
2084 1409 2148 1467 in
2176 1411 2523 1471 commentis
2555 1411 2631 1470 ad
2717 1430 2734 1434 ·

319 1513 435 1572 inc.
473 1515 618 1572 129.

503 1619 579 1678 In
620 1618 983 1693 excerptis
1027 1619 1616 1696 orthographicis
1665 1620 1876 1679 incerti
1917 1623 2176 1682 auctoris
2223 1627 2284 1682 61
2323 1625 2387 1682 111
2429 1625 2629 1684 Β6(166

320 1726 530 1786 libello
558 1726 808 1785 metrico
838 1745 989 1801 quae
1019 1727 1094 1785 ad
1121 1725 1418 1785 Lucilium
1448 1729 1735 1802 spectant,
1772 1728 1953 1786 ducta
1980 1731 2122 1788 sunt
2149 1749 2222 1788 ex
2252 1729 2538 1791 Charisio.

505 1831 672 1901 Quae
714 1832 777 1890 in
823 1834 1167 1909 glosariis
1215 1832 1569 1892 adferuntur
1616 1836 1687 1891 ut
1733 1833 2057 1907 Luciliana,
2103 1837 2302 1896 omnia
2339 1857 2409 1896 ex
2446 1839 2626 1898 Festo

321 1940 624 1999 translata
650 1958 783 1999 esse
822 1940 967 1999 satis
995 1940 1305 2015 probabile
1334 1942 1443 1999 est.
1498 1958 1640 1998 nam
1669 1942 1739 1999 ut
1756 1940 2024 2000 extitisse
2054 1943 2212 2017 apud
2241 1944 2399 2003 hunc
2425 1946 2627 2021 glosas

322 2047 559 2120 aquibus
589 2050 653 2105 61
674 2048 944 2121 yullucae
980 2050 1236 2123 constat,
1275 2048 1362 2105 ita
1391 2047 1572 2107 etiam
1608 2047 1743 2105 illas
1782 2066 1935 2122 quae
1967 2051 2109 2107 sunt
2137 2054 2333 2109 cactus
2360 2055 2422 2109 et
2448 2057 2629 2111 muto-

305 2155 488 2213 ·niwm
515 2155 662 2214 olim
690 2155 953 2215 adfuisse
983 2155 1272 2231 suspicari
1298 2155 1453 2213 licet.
2475 2137 2478 2140 v

502 2260 620 2330 Qui
646 2262 709 2319 in
737 2260 1549 2333 anecdotishelveticis,
1578 2279 1733 2336 (11166
1752 2260 2038 2337 Hagenus
2059 2263 2283 2336 publici
2301 2263 2448 2322 iuris
2468 2264 2625 2338 fecit,
2653 2239 2676 2248 ⁶

318 2371 712 2429 inveniuntur
739 2388 948 2429 versus
978 2369 1209 2443 Lucilii,
1250 2368 1475 2443 sumpti
1513 2387 1584 2427 ex
1612 2367 1931 2442 PriscianO,
1976 2371 2047 2427 ut
2075 2369 2176 2428 ille
2212 2365 2347 2444 [inc.
2381 2367 2491 2446 54]
2525 2371 2628 2446 qui

319 2478 384 2537 in
412 2477 765 2554 anthologia
801 2478 1034 2553 prostat
1069 2495 1249 2552 quam
1287 2475 1615 2551 publicavit
1642 2474 1877 2534 Riesius
1916 2495 1993 2536 m.
2022 2474 2208 2536 Rhen.
2238 2476 2449 2551 XXVI,
2499 2480 2624 2538 332

323 2605 447 2661 sqq.
469 2597 539 2644 ac
558 2585 890 2660 pleniorem
907 2583 1135 2642 Keilius
1164 2583 1370 2643 libello
1399 2584 1732 2642 academico
1753 2583 1924 2642 Halis
1949 2602 2090 2643 vere
2111 2603 2162 2644 a.
2190 2586 2313 2644 187
2323 2586 2358 2641 2
2389 2585 2624 2645 emisso.

502 2691 668 2762 Quae
696 2692 760 2750 in
797 2692 1139 2751 thesauro
1177 2689 1847 2761 novoLatinitatis,
1880 2709 2057 2766 quem
2076 2691 2271 2750 Maius
2291 2695 2453 2751 tomo
2474 2691 2622 2750 VIII

322 2802 637 2860 auctorum
664 2799 1046 2859 classicorum
1073 2796 1563 2873 repraesentavit,
1599 2815 1673 2855 ex
1691 2796 1907 2857 Lucilii
1933 2796 2199 2873 reliquiis
2221 2798 2622 2874 proferuntur,

324 2925 394 2965 ea
420 2925 494 2965 ex
523 2905 830 2965 Prisciano
860 2908 1001 2964 sunt
1027 2905 1207 2963 ducta
1236 2909 1298 2963 et
1325 2904 1529 2963 Paulo.

498 3013 591 3071 De
628 3012 1019 3071 Parthenio
1056 3011 1463 3089 grammatico,
1502 3009 1671 3069 cuius
1700 3010 2041 3071 testimonio
2078 3012 2268 3071 utitur
2298 3012 2622 3072 'Portellius

322 3121 382 3179 in
398 3121 619 3196 fragm.
639 3121 679 3178 1.
701 3119 810 3177 XX
837 3118 1136 3178 afferendo
1166 3118 1315 3176 nihil
1345 3118 1457 3176 sibi
1485 3119 1857 3192 compertum
1874 3118 2183 3193 rescripsit
2200 3119 2346 3177 mihi
2365 3118 2621 3178 Keilius:

322 3228 520 3303 ipsum
559 3226 918 3286 Tortellium
956 3229 1053 3284 sat
1090 3225 1338 3301 exiguae
1377 3225 1679 3318 hominem
1716 3224 2109 3284 auctoritatis.
2173 3225 2332 3283 idem
2368 3225 2430 3284 in
2469 3245 2623 3286 com-

321 3334 690 3393 mentatione
728 3332 1062 3391 academica
1098 3332 1171 3389 de
1208 3331 1613 3407 grammaticis
1652 3331 2008 3406 quibusdam
2044 3332 2247 3390 latinis
2286 3332 2502 3392 aetatis
2535 3334 2622 3391 in-

320 3441 577 3515 infimae,
608 3458 762 3515 quae
781 3439 1079 3516 Erlangae
1098 3438 1321 3514 prodiit
1347 3457 1399 3498 a.
1431 3439 1616 3512 1868,
1646 3459 1744 3514 pg.
1772 3439 1867 3511 15,
1898 3437 2137 3497 dubitat
2164 3437 2237 3496 de
2264 3439 2619 3515 fragmentis

320 3548 642 3624 Papiriani,
681 3565 835 3623 quae
865 3565 936 3605 ex
962 3546 1165 3604 decem
1193 3545 1370 3603 huius
1409 3546 1480 3604 (16
1509 3545 1940 3621 orthographia
1973 3545 2142 3604 libris
2171 3548 2412 3604 nactum
2442 3565 2505 3605 se
2535 3547 2619 3606 ait

322 3654 648 3715 Tortellius
676 3654 741 3711 in
767 3653 951 3729 praef.
980 3653 1058 3711 ad
1085 3652 1399 3712 Nicolaum
1423 3651 1479 3708 V
1506 3652 1571 3711 P.
1590 3651 1670 3710 M.
1699 3682 1771 3692 -
1797 3651 2084 3712 maiorem
2111 3652 2204 3710 his
2232 3652 2411 3711 fidem
2439 3654 2619 3713 habet

321 3759 754 3820 Brambachius
795 3759 935 3818 libri
971 3760 1026 3818 d.
1064 3760 1329 3835 orthogr.
1371 3760 1475 3818 lat.
1518 3779 1616 3835 pg.
1663 3759 1764 3831 55,
1806 3758 1909 3834 qui
1945 3762 2148 3817 tamen
2185 3762 2248 3817 61
2281 3759 2411 3834 ipse
2439 3779 2619 3834 quam

319 3869 514 3929 levem
557 3865 860 3926 existimet
898 3866 1254 3926 Tortellium
1295 3870 1597 3927 auctorem
1640 3865 1905 3924 declarat
1944 3885 2043 3942 pg.
2077 3868 2176 3926 30.
2222 3897 2297 3906 -
2339 3869 2484 3924 111111
2522 3884 2617 3925 168

320 3976 519 4048 habet,
537 3974 947 4049 fragmentum
964 3974 1130 4047 illud,
1162 3976 1233 4032 ut
1258 3973 1505 4032 dubium
1537 3973 1699 4046 86118,
1730 3975 1889 4031 66116
1916 3992 2035 4033 11611
2056 3973 2368 4050 indignum
2386 3972 2616 4032 Lucilio

322 4101 428 4142 nec
454 4082 732 4156 ineptum
760 4080 1141 4157 descriptioni
1168 4081 1437 4154 convivii,
1468 4081 1564 4139 cui
1590 4079 1969 4139 inseruimus.

501 4187 669 4260 Quae
697 4187 760 4245 in
788 4206 1003 4247 cornu
1040 4188 1285 4263 copiae
1313 4186 1689 4246 Perottino
1718 4188 2003 4263 leguntur
2022 4187 2292 4263 exempla
2310 4185 2622 4247 Luciliana
2727 4190 2730 4193 ’

321 4314 441 4355 11611
467 4294 711 4354 aliunde
740 4294 993 4370 cognita,
1037 4313 1108 4353 ea
1135 4298 1374 4370 praeter
1401 4313 1586 4353 unum
1615 4313 1653 4353 a
1679 4296 1857 4370 poeta
1884 4294 2079 4353 aliena
2106 4311 2236 4353 esse
2265 4310 2620 4369 persuasum

322 4401 529 4461 habeo.
598 4403 662 4459 et
697 4401 938 4461 hercule
973 4420 1124 4477 quae
1161 4401 1337 4460 unius
1375 4400 1603 4460 Perotti
1641 4400 1917 4460 nituntur
1951 4399 2070 4459 fide
2105 4401 2452 4463 testimonia
2487 4395 2626 4465 cuin
