3267 5075
663 375 796 438 290
1342 374 1796 429 TESTIMONIA
1831 373 1929 428 DE
1968 365 2272 429 LUCILIO.

661 550 716 597 ct
755 541 990 616 praelata
1043 542 1285 597 Accianis
1342 558 1401 597 ac
1445 541 1752 598 Pacuvianis
1798 556 1918 597 cum
1965 541 2118 597 Gellii
2166 543 2476 598 testimonio
2536 541 2793 597 docemur
2833 551 2935 597 tum

659 625 901 683 versibus
945 624 981 682 l.
1030 625 1165 682 XXX

916 764 971 812 ct
1016 773 1111 812 sua
1156 757 1460 832 perciperet
1503 763 1653 812 retro
1698 755 1908 812 rellicta
1953 757 2123 812 iacere

916 850 969 897 et
1014 840 1130 897 sola
1174 858 1240 897 ex
1284 841 1468 897 multis
1511 857 1657 896 nnnc
1701 849 1887 896 nostra
1931 848 2176 915 poemata
2221 839 2370 897 ferri.

662 981 750 1037 ubi
799 979 1025 1036 videnda
1070 995 1207 1053 quae
1253 981 1576 1036 notavimus.
1624 1009 1706 1019 —
1748 980 1921 1053 igitur
1964 979 2102 1036 haud
2147 981 2328 1054 inepte
2372 979 2768 1054 suspicabimur
2796 980 2943 1038 Luci·

660 1066 812 1137 lium,
843 1073 1133 1139 postquam
1164 1064 1402 1138 legitima
1432 1073 1609 1120 aetate
1640 1065 1905 1137 stipendia
1935 1066 2206 1138 equestria
2238 1065 2520 1138 persolvit,
2551 1065 2616 1120 ab
2648 1082 2791 1122 anno
2824 1084 2873 1122 u.
2897 1084 2938 1122 0.

659 1160 719 1206 ut
764 1160 894 1224 puta
940 1148 1108 1204 DCllll
1164 1165 1284 1204 cum
1334 1148 1516 1205 ‘alieno
1571 1148 1636 1205 ab
1693 1151 1909 1205 avaritia
1967 1157 2022 1204 et
2067 1149 2355 1205 ambitione
2399 1151 2576 1206 animo
2633 1151 2748 1206 suis
2807 1160 2942 1207 esset

658 1242 949 1291 contentus
995 1234 1150 1289 bonis
1195 1235 1250 1288 in
1297 1235 1409 1288 otio
1457 1234 1660 1289 Graeco
1704 1250 1803 1307 per
1846 1233 2123 1290 dimidium
2166 1250 2336 1307 paene
2370 1235 2644 1290 saeculum
2689 1238 2942 1292 mansisse

655 1319 817 1375 modo
864 1318 1060 1374 Romae
1106 1317 1394 1392 degentem
1441 1319 1602 1375 modo
1657 1320 1712 1373 in
1758 1320 2076 1392 propinquis
2119 1316 2254 1374 Latii
2311 1327 2365 1374 et
2420 1318 2740 1393 Campaniae
2796 1320 2943 1391 lociS,

656 1412 883 1477 excepto
929 1402 1074 1476 quod
1119 1402 1319 1458 ltaliam
1358 1403 1675 1469 ‚inferiorem
1723 1409 1778 1459 et
1823 1402 2053 1459 Siciliam
2099 1419 2223 1458 eum
2270 1401 2448 1460 obisse
2493 1413 2744 1477 constat,
2804 1405 2941 1479 quod

655 1490 755 1544 iam
804 1496 916 1544 tum
963 1489 1216 1561 temporis
1259 1487 1554 1561 plerosque
1597 1487 1960 1544 Romanorum
2016 1489 2176 1544 animi
2232 1487 2502 1544 relaxandi
2558 1506 2720 1545 causa
2767 1506 2942 1547 susce-

654 1575 799 1647 pisse
842 1575 947 1629 iter
990 1571 1266 1647 probabile
1310 1581 1412 1629 est.
1502 1581 1678 1628 tamen
1724 1589 1844 1628 cum
1891 1589 1937 1628 a.
1986 1589 2038 1628 u.
2088 1572 2212 1630 620
2256 1572 2312 1626 P.
2347 1571 2588 1646 Scipioni
2633 1574 2699 1629 ad
2747 1573 2940 1631 bellum

655 1658 1036 1714 Numantinum
1092 1659 1239 1713 ituro
1294 1658 1489 1713 milites
1544 1667 1876 1731 negarentur
1942 1659 2054 1731 ipse
2112 1666 2171 1712 ut
2227 1659 2396 1714 amico
2468 1667 2687 1732 gereret
2742 1676 2940 1715 morem

654 1745 868 1800 cohorti
898 1744 1201 1817 praetoriae
1232 1744 1477 1799 accessit.
1539 1741 1743 1797 multus
1765 1749 1945 1797 autem
1967 1750 2051 1799 est
2080 1743 2134 1797 in
2161 1741 2410 1816 Hispania
2442 1743 2807 1815 memoranda,
2834 1760 2939 1800 eam

654 1827 888 1885 sortasse
934 1827 1003 1884 ob
1046 1843 1258 1884 causam
1303 1827 1450 1900 quod
1494 1829 1655 1883 etiam
1699 1829 1877 1901 priora
1933 1829 1987 1882 in
2034 1843 2096 1882 ea
2152 1836 2293 1883 terra
2347 1826 2610 1901 persolvit
2657 1828 2938 1902 stipendia.

823 1921 1064 1969 ceterum
1111 1920 1248 1986 quot
1289 1929 1386 1985 per
1430 1929 1600 1968 annos
1645 1912 1888 1985 poeticae
1930 1912 2216 1967 indulserit
2250 1910 2487 1968 Lucilius
2517 1911 2675 1969 facile
2705 1923 2938 1986 apparet.

657 2015 775 2054 nam
836 2015 865 2052 a
920 1995 1055 2071 Lupi
1124 2013 1352 2053 censura
1409 2013 1582 2071 usque
1637 1997 1702 2052 ad
1759 1996 1935 2053 Crassi
1990 1995 2317 2052 tribunatum
2372 2004 2504 2052 sunt
2568 1999 2692 2053 anni
2750 1998 2940 2054 XXXX.

653 2085 727 2138 ita
773 2083 913 2156 apud
957 2080 1189 2138 Graecos
1237 2081 1561 2154 Sophoclem
1617 2090 1675 2137 et
1717 2081 2057 2154 Euripidem,
2116 2081 2256 2154 apud
2301 2080 2570 2136 Romanos
2617 2081 2849 2137 Ennium
2893 2092 2943 2138 et

654 2167 942 2224 Pacuvium
985 2167 1332 2222 continuasse
1377 2168 1606 2227 carmina
1653 2167 1716 2222 ad
1761 2174 2403 2222 summamsenectutem
2448 2168 2833 2239 comperimus,

825 2251 881 2308 3.
951 2250 1086 2307 illud
1132 2258 1269 2307 tunc
1313 2252 1358 2306 si
1405 2268 1513 2307 non
1558 2253 1662 2307 erit
1705 2251 2017 2326 delendum,
2062 2253 2133 2307 ita
2176 2250 2557 2324 explicabimus
2603 2260 2665 2307 ut
2710 2251 2941 2308 dicamus

655 2335 968 2411 aequalibus
1011 2334 1198 2391 Lucilii
1256 2353 1344 2391 eas
1403 2338 1625 2392 maxime
1682 2344 1862 2410 partes
1908 2344 2210 2392 saturarum
2265 2337 2380 2391 eius
2425 2336 2696 2410 placuisse
2753 2337 2941 2411 quibus

653 2424 736 2477 sui
781 2421 1041 2495 temporis
1088 2420 1416 2477 obtrectaret
1443 2423 1641 2495 poetis.
1690 2451 1772 2460 —
1816 2437 2118 2495 congruum
2163 2429 2340 2476 autem
2391 2430 2695 2494 temporum
2727 2424 2943 2478 rationi-

654 2506 754 2563 bus
799 2522 899 2563 nec
940 2504 1225 2580 indignum
1269 2507 1523 2563 memoria
1569 2505 1709 2563 illud·
1748 2505 1914 2580 longe
1956 2505 2213 2580 plurimas
2260 2507 2591 2581 tragicorum
2637 2507 2940 2581 aequalium

653 2594 1037 2649 insectationes
1096 2593 1363 2647 contineri
1406 2591 1594 2647 Lucilii
1654 2592 1688 2647 1.
1745 2590 2123 2647 XXVl—XXX
2179 2592 2285 2647 hoc
2340 2599 2424 2647 est
2468 2592 2543 2646 eis
2598 2608 2740 2665 quos
2796 2595 2940 2667 prius

653 2678 979 2751 composuit.
1050 2694 1188 2749 quos
1220 2676 1366 2750 quod
1409 2676 1625 2733 silentio
1672 2678 1951 2750 praeteriit
1995 2675 2082 2731 ubi
2116 2675 2343 2731 debebat
2373 2693 2672 2733 memorare
2704 2676 2942 2751 Porphy-

654 2764 735 2819 rio
781 2765 836 2818 in
880 2764 1199 2818 commentis
1244 2761 1309 2816 ad
1355 2761 1484 2817 Hor.
1533 2770 1633 2818 sat.
1667 2762 1709 2833 l,
1744 2762 1844 2833 10,
1882 2762 1961 2818 58
2007 2778 2117 2817 non
2161 2761 2364 2834 poterit
2409 2778 2527 2817 esse
2559 2763 2756 2817 mirum
2787 2779 2941 2836 repu-

656 2847 889 2903 tantibus
948 2848 1072 2903 huic
1127 2863 1238 2902 non
1292 2847 1463 2920 magis
1519 2863 1680 2919 quam
1733 2846 2007 2920 plerisque
2061 2854 2302 2902 veterum
2347 2846 2822 2919 grammaticorum
2865 2848 2941 2902 in-

655 2934 899 2988 notuisse
955 2930 1142 2987 Lucilii
1197 2932 1466 2987 trochaica
1523 2933 1633 2987 sive
1680 2929 1913 2986 iambica.
2006 2948 2066 2986 ea
2124 2938 2303 2987 autem
2349 2947 2487 3005 quae
2540 2931 2576 2986 1.
2628 2931 2761 2988 Vllll
2818 2939 2937 2987 sunt

654 3018 831 3090 posita
874 3016 940 3070 ad
983 3015 1345 3090 inpugnanda-
1370 3017 1512 3072 Accii
1544 3016 1610 3072 de
1642 3015 1926 3071 verborum
1959 3018 2226 3089 scriptura
2267 3015 2460 3090 placita
2489 3032 2720 3073 evenere
2761 3017 2938 3073 multis

654 3102 807 3157 annis
850 3109 997 3175 post.

801 3186 882 3242 ,7.
957 3193 1050 3242 aut
1094 3202 1298 3242 errasse
1342 3185 1607 3246 Velleium
1655 3194 1748 3241 aut
1778 3186 2015 3259 Pompeii
2057 3202 2212 3241 avum
2258 3186 2427 3242 fuisse
2457 3188 2653 3243 satirici
2701 3187 2938 3259 fratrem,

654 3272 746 3346 qui
777 3273 832 3328 in
862 3280 1109 3329 senatum
1140 3272 1466 3344 pervenerit,
1512 3270 1797 3326 dicendum
1828 3272 1949 3326 erit.
2025 3272 2196 3345 magis
2233 3271 2448 3344 quidem
2479 3271 2703 3328 inclinat
2735 3275 2938 3330 animus

655 3366 716 3412 ut
760 3365 989 3414 statuam
1036 3358 1157 3413 hoc.
1246 3354 1473 3413 videnda
1518 3373 1655 3429 quae
1699 3355 1951 3412 dicentur
1992 3354 2058 3410 ad
2104 3355 2159 3413 9.

826 3443 881 3500 9.
956 3442 1089 3499 haec
1132 3442 1323 3498 melius
1369 3441 1430 3496 ad
1478 3448 1782 3496 senatorem
1827 3440 2091 3496 Lucilium
2136 3440 2328 3497 referri
2373 3451 2613 3515 apparet.

825 3527 923 3584 10.
999 3528 1104 3583 11110
1148 3528 1384 3601 pertinet
1428 3526 1571 3599 quod
1600 3524 1842 3581 Laelium
1884 3542 2097 3600 semper
2141 3525 2253 3581 sere
2284 3543 2407 3581 cum
2439 3526 2690 3600 Scipione
2721 3528 2939 3584 solitum

652 3613 898 3667 rusticari
943 3621 998 3668 et
1040 3611 1428 3668 incredibiliter
1469 3627 1849 3684 repuerascere
1892 3610 2062 3666 refert
2105 3610 2309 3666 Tullius
2354 3610 2422 3668 de
2466 3628 2545 3668 or.
2577 3611 2644 3683 ll,
2679 3613 2736 3670 6.
2822 3631 2939 3670 nam

655 3697 846 3752 tertius
901 3695 1042 3752 haud
1098 3695 1256 3752 dubie
1311 3697 1630 3771 plerumque
1685 3698 1909 3753 accessit
1974 3695 2079 3751 illis
2136 3696 2192 3750 in
2253 3698 2679 3753 commoratione
2738 3702 2941 3756 rustica

651 3779 903 3837 Lucilius,
1170 3778 1183 3787 ‘

826 3865 924 3922 17.
1009 3866 1115 3920 1100
1169 3867 1401 3923 carmine
1456 3866 1712 3922 Horatius
1768 3865 2002 3923 declarat
2057 3866 2231 3940 qualis
2296 3868 2368 3922 sit
2424 3866 2672 3924 condicio
2729 3879 2938 3926 saturae

651 3950 976 4024 Lucilianae,
1023 3966 1182 4023 quam
1226 3950 1425 4005 frustra
1473 3958 1783 4025 temptatam
1829 3968 1857 4007 a
1900 3951 2138 4007 Varrone
2170 3952 2392 4007 Atacino
2445 3961 2500 4008 et
2544 3952 2634 4008 diu
2681 3955 2935 4011 iacentem

609 4029 768 4110 'ipse
823 4038 1030 4111 primus
1085 4037 1434 4109 restauravit,
1493 4035 1669 4092 habita
1729 4046 1904 4108 tamen
1962 4037 2168 4092 ratione
2234 4043 2539 4111 temporum
2597 4037 2932 4095 diversitatis.

654 4121 814 4177 simul
844 4121 972 4194 quid
1004 4121 1178 4175 minus
1209 4120 1363 4176 laude
1396 4120 1620 4193 dignum
1651 4121 1893 4177 videatur
1935 4122 2037 4195 ipsi
2082 4122 2136 4176 in
2167 4119 2353 4178 Lucilii
2384 4122 2708 4180 carminibus
2755 4133 2932 4180 contra

654 4208 981 4280 antiquarios
1026 4206 1259 4261 disserit.

824 4291 1003 4349 1—6.
1079 4292 1322 4363 Eupoiis
1356 4322 1426 4329 —
1462 4291 1637 4346 hosce
1678 4298 1928 4349 secutus
2017 4291 2154 4347 hanc
2204 4293 2455 4366 antiquae
2500 4294 2804 4350 Atticorum
2849 4310 2931 4350 co·

652 4375 894 4431 mocdiae
938 4378 1288 4431 imitationem
1348 4376 1475 4447 quin
1532 4375 1650 4447 ipse
1693 4377 1747 4431 in
1793 4375 2045 4449 operibus
2102 4378 2215 4432 suis
2261 4378 2541 4452 professus
2586 4380 2657 4434 sit
2704 4378 2927 4435 Lucilius
