3267 5075
720 372 854 459 274
1482 372 1581 431 Ex
1617 371 1851 432 melus
1890 370 2248 432 mcERTIS.

720 546 892 601 larum
937 545 1165 619 argutiis
1210 560 1347 619 quae
1392 562 1419 599 a
1466 543 1794 601 Graecorum
1839 546 2065 601 maxime
2109 542 2377 601 scribendi
2433 560 2585 600 more
2628 551 2969 618 repeterentur

722 629 1022 685 obscurata.
1068 659 1154 671 —
1195 636 1436 685 ceterum
1481 629 1547 685 de
1592 646 1695 685 usu
1741 630 1901 686 huius
1948 647 2016 686 ov
2059 629 2314 702 adscripsi
2347 627 2622 685 Ritschelii
2663 631 2789 685 haec
2828 645 2910 702 pg.
2938 628 2968 684 3

722 732 791 771 ov
845 717 1179 786 scripturae
1223 717 1547 787 exemplum
1588 716 1759 770 medii
1799 716 2022 788 quidem
2066 716 2291 770 saeculi
2332 717 2558 786 septimi
2599 716 2805 770 nullum
2843 716 2970 783 novi,

721 801 772 855 si
814 800 887 855 ab
932 816 1048 855 una
1095 801 1296 855 radice
1325 814 1397 865 ea
1428 815 1728 855 recessero
1759 818 1796 855 a
1827 818 1943 872 qua
1986 802 2131 861 ious.
2175 797 2368 869 iou'ssi,
2411 801 2725 868 ioudicare,
2763 802 2972 853 iourare

666 896 673 903 ·
715 883 888 955 sacta
932 890 1084 940 sunt.
1158 887 1216 940 in
1246 884 1336 939 Itis
1377 887 1525 940 enim
1567 887 1708 940 sotis
1746 887 2005 955 priscum
2048 885 2341 940 scribendi
2378 885 2604 940 modum
2640 890 2813 940 tenax
2840 876 2971 938 vetu-

720 971 886 1025 statis
935 970 1287 1026 consuetudo
1339 972 1549 1042 leyatis
1602 971 1854 1026 servavit
1907 971 1988 1025 ad
2036 970 2218 1043 leyem
2275 985 2457 1041 usque
2514 970 2805 1025 Antoniam
2855 969 2977 1022 anni

722 1056 964 1110 circiter
1006 1052 1149 1110 682.
1383 1110 1400 1121 ·

893 1138 951 1194 9.
1026 1138 1259 1200 Albuci‚·
1300 1136 1367 1193 de
1411 1137 1472 1193 Τ.
1506 1137 1730 1195 Albucio
1775 1140 1850 1195 ita
1889 1138 2040 1194 Brut.
2073 1136 2338 1209 35,131
2388 1139 2596 1194 doctus
2635 1140 2792 1194 etiam
2818 1136 2972 1191 Grae-

720 1226 804 1278 cis
852 1223 914 1278 Τ.
959 1223 1235 1278 Albucius
1281 1225 1368 1279 vel
1407 1227 1601 1295 potius
1640 1238 1833 1296 paene
1878 1223 2162 1279 Graecus.
2235 1226 2466 1296 loquor,
2513 1230 2578 1279 ut
2618 1225 2830 1294 opinor.
2889 1219 2977 1275 sed

717 1310 855 1363 licet
898 1323 978 1363 ex
1022 1308 1379 1365 orationibus
1420 1308 1707 1365 iudicare.
1771 1308 1893 1380 fuit
1935 1316 2126 1365 autem
2172 1308 2410 1364 Athenis
2453 1309 2822 1369 adulescens,·
2853 1318 2972 1375 per-

714 1391 914 1463 fectus
957 1392 1288 1464 Epicureus
1330 1399 1622 1465 evaserat,
1665 1392 1893 1449 minime
1935 1400 2134 1464 aptum
2164 1394 2245 1448 ad
2269 1394 2571 1449 dicendum
2611 1407 2802 1465 ycnus.
2868 1403 2972 1443 enm

609 1536 618 1543 ‚
723 1474 785 1542 Q.
835 1475 1040 1532 Mucius
1084 1476 1357 1567 Scaevola,
1407 1493 1528 1532 cum
1572 1478 1679 1533 iter
1719 1479 1776 1532 in
1820 1479 1998 1534 Asiam
2045 1475 2295 1548 haberet,
2341 1478 2495 1532 cuius
2542 1476 2644 1532 suit
2682 1482 2971 1550 propraetor

720 1578 768 1616 a.
816 1560 970 1637 633,
1016 1561 1120 1617 hoc
1173 1577 1340 1637 quein
1377 1561 1546 1617 refert
1589 1560 1826 1617 Lucilius
1878 1561 2040 1618 modo
2083 1563 2271 1618 irrisit.
2344 1568 2587 1616 ceterum
2616 1568 2751 1635 ‘post
2789 1577 2839 1616 a.
2867 1555 2968 1613 649

675 1714 684 1721 ὁ
719 1653 947 1719 propter
987 1644 1126 1701 male
1170 1653 1377 1719 gestam
1428 1647 1756 1720 provinciam
1802 1647 1854 1701 in
1898 1645 2115 1702 exilium
2159 1654 2280 1702 acto
2323 1644 2549 1702 Albucio
2592 1645 2785 1719 placuit
2822 1641 2970 1715 repeti
3022 1714 3029 1717 -

720 1731 975 1788 Athenas,
1025 1760 1101 1770 —
1148 1729 1295 1785 hunc
1337 1732 1726 1804 semigraecam
1773 1730 1973 1786 frustra
2016 1729 2171 1786 multi
2215 1730 2443 1786 eundem
2490 1737 2742 1804 putarunt
2783 1743 2892 1784 cum
2918 1723 2964 1778 l..

719 1813 979 1886 Albucio,
1036 1815 1189 1870 cuius
1234 1813 1402 1870 libros
1448 1814 1726 1871 Luciliano
1771 1815 2081 1871 charactere
2124 1815 2463 1888 conscriptos
2508 1823 2761 1870 memorat
2806 1809 2966 1867 Varro.

717 1930 802 1940 —-
844 1900 1019 1956 Ponti
1027 1923 1045 1963 ,·
1088 1898 1196 1955 Cic.
1240 1900 1296 1954 in
1340 1898 1542 1955 Catone
1586 1900 1711 1955 mai.
1764 1899 1859 1970 10,
1893 1899 1973 1957 33
2019 1916 2092 1956 ne
2137 1916 2236 1956 vos
2278 1901 2502 1973 quidem
2553 1900 2615 1955 Τ.
2661 1898 2823 1955 Ponti
2857 1908 2967 1950 cen-

719 1987 962 2041 turionis
990 1987 1145 2041 vires
1173 1984 1414 2041 habetis.
1461 2014 1538 2023 —
1585 1983 1654 2039 de
1685 1984 1925 2056 Tritanio
1956 1983 2088 2039 nihil
2118 1993 2349 2040 constat.
2396 2015 2480 2024 -—-
2521 1986 2852 2056 primorem,-
2890 1994 2970 2033 no·

720 2069 1006 2125 minativus
1052 2068 1234 2141 potius
1271 2072 1565 2140 primores
1608 2085 1768 2143 quam
1806 2071 1987 2141 primi
1996 2094 2014 2132 ,·
2056 2069 2162 2124 hoe
2206 2070 2344 2124 enim
2376 2070 2707 2124 centurionis
2737 2066 2860 2123 ordo
2900 2063 2968 2116 vix

718 2155 876 2227 capit.
922 2183 1008 2192 —-
1050 2153 1249 2225 hostis,
1295 2154 1420 2226 quia
1465 2152 1725 2209 Graecum
1769 2171 1830 2209 se
1876 2151 2058 2209 haberi
2103 2152 2314 2210 volebat
2359 2152 2635 2209 Albucius,
2697 2183 2764 2191 -
2815 2148 2967 2205 inimi-

719 2254 844 2310 cus,
892 2237 1112 2293 incertis
1155 2239 1359 2311 causis3
1408 2246 1652 2294 ceterum
1698 2247 1947 2311 praetura
1993 2239 2147 2293 Asiae
2194 2238 2436 2294 sunctum
2482 2237 2708 2294 Mucium
2747 2240 2970 2309 repetun-

717 2322 905 2378 darum
949 2321 1246 2395 postulavit
1289 2321 1577 2390 Albucius3
1622 2324 1697 2380 cl'.
1742 2321 1851 2379 Cic.
1899 2322 2049 2378 Brut.
2098 2320 2390 2394 26,102.

890 2407 988 2463 10.
1057 2410 1374 2478 pavimenti
1427 2415 1601 2481 atque
1645 2407 1980 2464 emblemati’
2036 2410 2424 2471 vermiculati,·
2477 2408 2554 2463 ita
2611 2406 2789 2481 scripsi
2828 2415 2967 2475 quan·

720 2492 916 2549 tumvis
961 2489 1366 2549 adversantibus
1411 2493 1871 2568 apographorum
1895 2491 2204 2592 plerisque3
2250 2509 2426 2567 neque
2469 2493 2612 2549 enim
2657 2509 2717 2548 ea
2755 2488 2969 2560 antiquo·

717 2594 865 2634 rum
895 2584 979 2632 est
1034 2576 1188 2650 culpa
1246 2584 1529 2634 auctorum
1584 2578 1681 2633 sed
1738 2578 1896 2634 medii
1951 2580 2065 2634 aevi
2120 2578 2494 2652 librariorum3
2552 2567 2657 2651 qni
2702 2577 2815 2633 (lum
2864 2568 2967 2625 odiu

717 2678 890 2737 paene
933 2662 1265 2717 internecivo
1310 2678 1340 2717 s
1384 2665 1618 2718 truncati
1663 2662 1847 2718 delent
1892 2663 2134 2736 exempla
2179 2664 2476 2719 innumeris
2521 2662 2656 2719 locis
2702 2677 2792 2736 pro
2832 2668 2968 2731 gene·

721 2749 836 2805 tivo
884 2748 977 2820 qui
1022 2747 1152 2820 ipsis
1198 2745 1473 2802 videretur
1517 2746 1729 2802 dativus
1790 2763 2083 2820 reposuere
2139 2746 2448 2814 ablativum.
2535 2746 2695 2803 bene
2725 2746 2875 2819 igitur
2908 2738 2967 2791 sil

717 2832 990 2887 Ciceronis
1038 2832 1091 2885 in
1137 2830 1304 2887 Bruto
1350 2839 1406 2887 et
1451 2829 1770 2899 Quintiliani
1813 2830 2080 2904 Pliniique
2125 2830 2260 2888 locis
2316 2848 2415 2887 nec
2459 2833 2638 2887 minus
2681 2828 2823 2886 Nonii
2861 2823 2967 2879 lem·

718 2917 877 2979 mati;
933 2931 1072 2988 quae
1116 2915 1243 2988 quid
1301 2931 1486 2972 verum
1543 2924 1689 2971 esset
1733 2915 2054 2972 indicarunt.
2106 2945 2176 2955 --
2239 2910 2575 2974 emblemati’
2622 2908 2966 2973 vermiculati-

719 2999 859 3075 apud
904 2999 1197 3055 Varronem
1243 3001 1298 3056 in
1342 3005 1503 3080 ταφῇ
1542 2996 1873 3056 Μενίππου
1915 3008 2062 3056 recte
2107 3001 2252 3058 docti
2291 3001 2486 3074 facies
2527 3001 2886 3058 maeandrum
2921 2993 2967 3044 el

720 3086 1130 3156 vermiculata,
1190 3083 1279 3139 ubi
1323 3084 1446 3141 libri
1491 3088 1804 3142 vinculata.
1864 3116 1945 3126 ——
1970 3083 2419 3147 vermiculatim
2472 3103 2575 3161 pro
2630 3076 2961 3144 vermiculati

719 3186 878 3244 saepe
924 3185 988 3225 ex
1033 3168 1296 3225 lemmatis
1350 3168 1506 3226 Nonii
1560 3186 1684 3226 vera
1739 3170 1900 3226 lectio
1947 3171 2338 3245 recuperanda,
2401 3171 2548 3227 velut
2607 3173 2659 3228 in
2713 3169 2805 3226 illis
2852 3173 2964 3237 quae

718 3255 980 3330 leguntur
1024 3253 1125 3325 75,
1157 3253 1235 3310 29
1283 3258 1487 3328 attiyat
1520 3259 1823 3327 continyet.
1907 3256 2201 3328 Turpilius
2231 3256 2553 3313 Leucadia.-
2599 3272 2671 3312 ne
2711 3269 2790 3311 me
2815 3249 2961 3318 auiqa

719 3355 898 3466 (a‘tiyb
941 3390 982 3445 L
1017 3390 1075 3462 1)
1122 3398 1295 3464 atquc
1339 3392 1519 3464 aufer
1562 3399 1828 3448 manum!
1889 3393 2040 3463 heia,
2088 3411 2261 3465 quam
2297 3393 2574 3465 fer-oculu
2621 3400 2722 3450 est.
2788 3388 2850 3445 ibi
2880 3381 2962 3457 pri·

720 3493 865 3532 mum
911 3477 1147 3532 omnium
1193 3477 1566 3550 reponendum
1612 3480 1898 3551 continyeg
1951 3476 2096 3550 quod
2144 3475 2461 3533 vocabulum
2507 3477 2676 3534 lahem
2722 3474 2861 3533 traxit
2895 3481 2960 3520 se·

721 3569 923 3633 quente
968 3568 1007 3616 t.
1083 3569 1137 3616 et
1185 3558 1359 3617 firmat
1404 3578 1516 3618 rem
1548 3561 1978 3635 Bambergensis‚
2022 3563 2078 3617 in
2124 3579 2233 3635 quo
2280 3561 2504 3636 reliquis
2551 3563 2757 3618 omissis
2797 3554 2961 3628 legitur

721 3647 926 3715 attiyat
970 3648 1349 3717 continyetur.
1440 3646 1677 3703 rescribe
1722 3647 1900 3702 ocius:

979 3811 1198 3855 2-9...
1233 3808 1302 3848 ne
1347 3810 1430 3848 me
1475 3795 1645 3869 attige
1690 3802 1852 3868 atque
1897 3794 2048 3850 aufer
2091 3811 2320 3850 manum.

974 3876 1142 3947 ‘heiag
1187 3892 1345 3949 quam
1391 3877 1734 3936 feroculast'!

610 4035 616 4042 ’
721 4029 883 4087 verba
928 4030 1113 4088 ultima
1156 4030 1431 4087 clausulae
1475 4034 1678 4104 instar-3
1723 4035 1790 4091 de
1814 4003 1940 4109 ‘qua
1985 4045 2131 4093 extat
2163 4037 2412 4094 Varronis
2451 4039 2810 4095 testimonium
2847 4019 2952 4104 apud

719 4114 967 4172 Rufinum
1014 4115 1154 4173 379.
1199 4145 1293 4177 —v
1328 4116 1461 4173 illud
1517 4123 1722 4192 uttiyat
1765 4127 2030 4193 sequente
2086 4129 2262 4195 atque
2317 4133 2518 4180 ortum.
2610 4122 2767 4197 vulgo
2805 4123 2951 4194 parum

719 4200 1001 4273 eleganter
1043 4205 1272 4275 attian.

893 4285 988 4340 11.
1051 4286 1113 4340 ad
1147 4286 1468 4360 explendum
1503 4305 1715 4344 versum
1745 4293 1981 4364 priorem
2013 4291 2154 4347 haud
2188 4292 2323 4350 male
2354 4293 2608 4351 addidere
2638 4294 2773 4350 docti
2805 4281 2953 4363 febris

718 4376 844 4439 post
888 4368 1069 4425 vocab.
1125 4376 1514 4443 consequitur.
1574 4404 1657 4413 —
1712 4376 2015 4440 Rhondes:
2068 4377 2357 4434 Muellerus
2415 4380 2616 4436 mavult
2671 4372 2953 4436 Rham-leem

449 4709 1496 5002 ‘5
1535 4705 2011 5011 „m
