3267 5075
1247 421 1467 475 LIBER
1503 421 1675 476 VIIII.
2468 420 2602 485 223

308 590 359 644 ni
404 587 810 662 diphthongum
867 587 1121 661 genetivo
1176 596 1233 644 et
1285 587 1467 644 dativo
1519 590 1723 662 primae
1778 586 2160 658 adhibendam,
2216 597 2439 663 apparet
2490 604 2603 645 non

307 689 476 746 posse
523 672 745 729 tolerari
792 670 937 745 quod
991 672 1196 745 legitur
1239 672 1379 747 apud
1426 672 1742 729 Martianum
1798 689 1907 728 non
1962 672 2310 729 sollicitatum
2354 688 2383 727 a
2426 672 2602 730 doctis

309 758 575 812 hactenus
621 757 879 814 Lucilius
926 760 986 812 in
1031 758 1223 813 dativo
1276 776 1313 813 a
1359 765 1415 814 el
1467 776 1499 813 e
1552 761 1861 831 coniunyit.
1950 766 2006 813 et
2062 757 2147 812 vel
2203 757 2406 830 absque
2458 756 2603 814 Fabii

310 843 630 897 testimonio
673 843 854 915 inepta
900 841 1032 896 haec
1073 851 1312 914 apparet.
1389 859 1508 898 nam
1553 842 1773 898 hercule
1817 841 1943 916 quid
1989 859 2126 915 opus
2170 851 2285 898 erat
2319 844 2603 898 memorari

307 943 339 981 a
383 925 645 982 Martiano
702 934 969 998 tamquam
1025 925 1300 999 singulare
1354 926 1408 982 id
1463 926 1610 999 quod
1664 924 1855 982 omnes
1909 927 2075 1001 vulgo
2128 926 2352 989 Romani
2409 926 2603 982 fecisse

310 1010 655 1067 noscuntur?
701 1041 781 1050 ——-
826 1019 1065 1066 ceterum
1111 1012 1168 1085 si,
1201 1019 1349 1067 recte
1380 1011 1536 1067 verba
1582 1011 1815 1067 hominis
1860 1012 2204 1086 nugacissimi
2247 1012 2602 1085 interpretor,

308 1095 364 1150 id
412 1093 515 1151 sibi
560 1095 674 1151 vult
717 1090 948 1169 syllabas
993 1094 1151 1167 plane
1196 1094 1409 1151 easdem
1453 1096 1726 1151 diversum
1770 1095 2089 1152 sonantibus
2134 1103 2298 1169 atque
2341 1094 2476 1151 adeo
2520 1095 2600 1152 di·

310 1180 487 1235 versis
518 1193 745 1235 numero
777 1176 1051 1235 vocalibus
1096 1196 1260 1252 posse
1289 1178 1504 1253 confici,
1550 1179 1677 1254 quia
1708 1196 1815 1236 non
1851 1181 1954 1235 nisi
1984 1181 2251 1253 scriptura
2283 1179 2510 1236 distaret
2555 1182 2601 1236 ai

307 1263 504 1320 Lucilii
549 1264 616 1319 ab
661 1281 722 1319 ae
767 1263 1115 1337 reliquorum.
1192 1272 1433 1320 ceterum
1479 1282 1543 1321 ex
1587 1264 1778 1320 eodem
1823 1281 1933 1337 quo
1978 1263 2362 1331 Quintilianum
2407 1272 2465 1320 et
2498 1264 2599 1320 Ve-

307 1347 443 1404 lium
489 1348 843 1405 scholasticae
888 1347 1190 1404 traditionis
1235 1349 1387 1404 sonte
1431 1367 1527 1405 sua
1573 1350 1817 1405 hausisse
1862 1348 2176 1405 Martianum
2221 1350 2381 1405 docet
2425 1347 2602 1405 addita

310 1432 547 1488 Maronis
592 1435 969 1507 genetivorum
1013 1433 1068 1488 in
1113 1434 1161 1489 ai
1204 1432 1527 1509 disyllabum
1570 1435 1882 1490 exeuntium
1928 1433 2203 1490 memoria.
2246 1465 2333 1473 —
2375 1434 2600 1490 Varroni

308 1524 491 1573 autem
538 1517 669 1591 quid
713 1517 975 1590 placuerit
1030 1518 1085 1572 in
1132 1517 1228 1573 hac
1272 1534 1331 1573 re
1385 1535 1497 1574 non
1541 1518 1672 1574 satis
1717 1526 1963 1587 constat3
2020 1518 2112 1591 qui
2159 1526 2333 1574 tamen
2379 1519 2426 1574 si
2470 1534 2599 1574 con-

307 1603 541 1657 stantiae
586 1601 775 1657 samam
824 1602 986 1657 tutari
1016 1602 1209 1674 voluit,
1253 1601 1437 1659 debuit
1466 1604 1623 1677 sequi
1654 1603 1738 1658 vel
1770 1603 1873 1659 hoc
1902 1611 2247 1676 praeceptum
2280 1602 2483 1659 Lucilii.
2518 1633 2617 1653 ——.

309 1684 458 1742 aliud
487 1685 699 1758 Nigidio
731 1686 999 1760 placuisse
1029 1688 1352 1759 accepimus,
1398 1704 1559 1760 quem
1606 1689 1802 1743 omissa
1848 1688 2165 1744 nominativi
2197 1687 2420 1760 pluralis
2452 1703 2600 1745 men-

310 1772 462 1826 tione
506 1769 713 1826 Gellius
757 1772 1066 1846 genetivum
1119 1787 1217 1844 per
1259 1773 1337 1843 ai,
1394 1772 1627 1827 dativum
1685 1789 1782 1846 per
1826 1787 1855 1826 e
1909 1773 2191 1844 scripsisse
2246 1772 2415 1827 refert
2468 1770 2600 1844 xm,

312 1846 418 1928 26,
448 1855 509 1910 4.
555 1885 638 1895 --
683 1854 831 1929 quod
876 1862 1064 1911 contra
1108 1854 1384 1911 Claudium
1429 1858 1842 1930 imperatorem,
1897 1872 2056 1929 quem
2108 1857 2325 1929 respicit
2372 1855 2602 1913 fortasse

311 1939 693 2007 Quintilianus,
736 1939 1061 1996 Graecorum
1095 1940 1181 1996 hic
1225 1949 1285 1996 ut
1328 1940 1449 1997 alibi
1496 1940 1763 1997 scribendi
1808 1955 2028 1996 normae
2059 1939 2377 1997 obsecutum
2406 1941 2455 1996 ai
2486 1940 2601 1996 nbi·

312 2041 420 2098 que
462 2041 565 2097 pro
611 2041 673 2080 ae
717 2024 1117 2098 diphthongum
1162 2024 1468 2080 adhibuisse
1511 2027 1894 2099 inscriptiones
1939 2024 2155 2082 docent.

483 2110 540 2167 7.
616 2110 747 2166 haec
790 2109 991 2165 frustra
1035 2108 1190 2164 fuere
1236 2111 1328 2183 qui
1382 2112 1437 2165 in
1483 2126 1694 2166 versum
1742 2109 1988 2184 redigere
2041 2118 2387 2166 conarentur.
2479 2127 2599 2167 nam

309 2211 415 2249 vox
458 2195 596 2251 huic
640 2200 825 2267 aperte
868 2193 1111 2250 Martiani
1154 2202 1260 2266 est,
1306 2193 1427 2250 loco
1485 2194 1698 2251 articuli
1744 2194 1929 2250 Graeci
1976 2203 2036 2251 ut
2079 2211 2242 2268 saepe
2287 2197 2498 2268 posita,
2544 2203 2600 2250 et

310 2296 379 2335 ne
426 2280 532 2335 hoc
574 2278 790 2352 quidem
835 2279 966 2335 satis
1011 2286 1223 2334 constat
1266 2279 1448 2335 sintne
1490 2281 1707 2335 nomina
1750 2278 1874 2351 illa,
1920 2280 2144 2335 maxime
2187 2280 2371 2352 prius,
2422 2281 2600 2353 'ipsius

312 2363 522 2419 Lucilii.
568 2393 650 2403 —
694 2372 934 2419 ceterum
982 2361 1206 2419 videnda
1250 2380 1386 2436 quae
1416 2364 1482 2419 ad
1525 2363 1853 2437 praecedens
1883 2363 2245 2437 fragmentum
2277 2367 2598 2423 notavimus.

481 2447 542 2505 8.
619 2448 852 2504 fortasse
907 2448 1015 2504 hoc
1067 2447 1371 2522 fragmento
1428 2448 1496 2504 de
1540 2450 1806 2522 scriptura
1852 2438 2236 2505 vocabulorum
2292 2465 2429 2522 quae
2471 2458 2599 2506 sunt

310 2551 470 2605 ceno,
519 2550 687 2605 cena,
734 2550 975 2591 caenum
1021 2532 1133 2607 egit
1163 2532 1417 2591 Lucilius.
1466 2565 1546 2575 —
1592 2542 1787 2591 ostrea
1834 2551 1976 2591 ceno
1989 2559 2008 2599 ,·
2052 2534 2205 2591 affert
2238 2533 2410 2591 Dousa
2441 2536 2594 2592 luve-

313 2619 447 2675 nalis
492 2628 596 2675 sat.
629 2618 691 2690 8,
722 2618 801 2674 85
849 2626 1013 2674 cenet
1053 2621 1190 2674 licet
1219 2625 1412 2675 ostrea
1445 2627 1707 2680 centum,-
1752 2618 1839 2674 ubi
1885 2627 1943 2674 ut
1990 2618 2166 2675 obiter
2208 2620 2315 2675 hoc
2353 2636 2598 2676 moneam

312 2703 686 2777 reponendum
731 2702 1184 2762 cumSchradero
1216 2710 1454 2762 tantum.
1532 2703 1659 2778 quid
1706 2705 1845 2759 enim
1878 2705 2071 2760 mirum
2117 2704 2388 2760 hominem
2433 2705 2598 2761 ditem

312 2796 530 2844 centum
576 2797 757 2844 ostrea
799 2786 1114 2843 absumere?
1183 2790 1308 2843 novi
1338 2789 1456 2862 ipse
1486 2791 1576 2863 qui
1611 2805 1716 2843 una
1745 2804 1968 2862 vespera
2009 2789 2238 2844 ducenta
2269 2790 2598 2846 comederet.

310 2903 397 2915 --
451 2876 743 2946 coquet-im
788 2889 838 2930 e.
883 2890 936 2946 q.
981 2889 1026 2927 s.
1080 2873 1305 2929 similem
1373 2874 1565 2947 peritia
1621 2880 1924 2929 ostrearum
1987 2872 2241 2929 describit
2294 2872 2476 2933 luven.
2533 2874 2597 2947 4,

315 2957 435 3015 139
467 2974 590 3032 sqq.
638 2988 721 2997 -
767 2974 840 3014 ac
884 2957 1121 3030 positum
1167 2965 1291 3012 ante
1335 2957 1699 3032 gutturalem3
1743 2957 1813 3012 cs.
1859 2956 1912 3015 d.
1959 2975 2005 3015 r.
2052 2975 2123 3018 m.
2171 2957 2312 3015 395.

482 3043 541 3098 9.
618 3043 701 3098 his
744 3041 920 3097 verbis
967 3040 1109 3096 haud
1153 3041 1314 3097 dubie
1345 3044 1587 3117 tangitur
1630 3043 1688 3096 G.
1719 3041 1977 3098 Caecilius
2016 3042 2263 3098 Metellus
2293 3042 2596 3116 caprarius,

311 3128 466 3183 cuius
511 3135 663 3182 erant
703 3127 948 3200 insignes
993 3141 1114 3181 cum
1144 3125 1203 3181 P.
1238 3126 1488 3182 Africano
1531 3128 1859 3183 inimicitiae.
1937 3128 2081 3184 bunc
2124 3129 2293 3201 igitur
2321 3145 2368 3183 a.
2403 3138 2462 3184 ut
2492 3128 2595 3184 vid.

315 3211 435 3268 635
479 3220 789 3285 praetorem
836 3209 1096 3266 urbanum
1144 3209 1339 3266 factum
1385 3211 1571 3266 irridet
1601 3210 1838 3267 Lucilius
1885 3211 1955 3266 ob
1986 3212 2170 3267 salsam
2203 3213 2596 3284 pronuntiatio-

314 3312 432 3351 nem
477 3304 536 3351 et
579 3298 818 3351 muneris
861 3296 1064 3368 proprii
1119 3304 1174 3349 et
1218 3297 1469 3353 nominiS.
1557 3313 1676 3351 nam
1725 3296 2014 3352 verendum
2060 3313 2181 3352 esse
2235 3313 2399 3371 pravo
2446 3313 2595 3354 more

314 3390 524 3437 servato
568 3379 793 3437 cecilius
838 3388 1028 3454 pretor
1070 3396 1137 3436 ne
1182 3381 1404 3436 rusticu'
1451 3379 1560 3440 liat.
1649 3381 1803 3455 plura
1845 3382 1913 3436 de
1956 3380 2145 3436 eodem
2201 3380 2415 3436 homine
2457 3381 2596 3438 infra

316 3465 625 3521 adserentur
666 3466 730 3521 ad
777 3464 906 3520 Hor.
953 3473 1053 3519 sat.
1098 3464 1164 3536 ll,
1199 3466 1256 3537 1,
1289 3465 1387 3522 67.
1436 3496 1516 3507 ——
1569 3474 1812 3522 ceterum
1859 3467 1903 3521 si
1946 3473 2093 3521 recte
2138 3465 2243 3520 hoc
2285 3464 2448 3540 srgm.
2496 3468 2593 3523 tri·

241 3565 248 3572 ·
316 3548 497 3606 buitur
539 3551 577 3606 l.
626 3549 779 3622 Vllll,
821 3565 944 3606 eum
976 3565 1084 3605 non
1130 3557 1252 3605 ante
1283 3566 1331 3605 a.
1366 3568 1418 3605 u.
1454 3550 1576 3607 635
1622 3552 1882 3626 scriptum
1912 3551 2042 3605 satis
2071 3554 2306 3608 constat.
2380 3557 2437 3606 et
2464 3568 2596 3607 con-

316 3636 454 3690 venit
499 3634 637 3689 bene
667 3632 815 3707 quod
844 3634 1104 3689 Accianus
1136 3650 1252 3689 mos
1283 3634 1589 3708 geminandi
1621 3634 1833 3690 vocales
1878 3633 1941 3689 ab
1971 3650 2112 3691 anno
2145 3651 2197 3690 u.
2232 3650 2280 3690 c.
2323 3635 2439 3693 sere
2470 3635 2598 3695 620

314 3719 382 3774 ad
419 3718 545 3780 580
587 3718 689 3775 suit
733 3719 1124 3790 frequentatus,

484 3820 751 3881 11-13,
827 3818 976 3892 vides
1020 3819 1175 3876 aliter
1219 3839 1317 3878 nos
1350 3839 1409 3877 ac
1454 3822 1618 3896 vulgo
1665 3820 1726 3876 iit
1770 3820 2102 3893 disposuisse
2150 3815 2448 3897 fragmenta
2479 3827 2596 3898 qui·

318 3904 411 3961 bus
454 3906 522 3961 de
566 3906 582 3961 i
629 3904 714 3961 vel
757 3906 810 3964 ei
850 3905 902 3959 iu
951 3901 1556 3961 finalibus”adhihendis
1602 3908 1800 3977 agitur,
1846 3905 1943 3961 sed
1987 3907 2126 3961 enim
2169 3908 2283 3980 ipsa
2327 3908 2462 3964 duce
2505 3927 2594 3965 ve-

318 3992 490 4047 ritate.
579 4007 775 4066 nempe
818 4005 1007 4046 versus
1052 3989 1214 4046 adlati
1257 4009 1286 4046 a
1331 3989 1692 4061 Quintiliano,
1747 3991 1914 4064 ipsius
1960 3992 2005 4046 si
2051 3990 2258 4063 verbiS,
2315 4000 2372 4047 ut
2417 3992 2592 4066 decet,

317 4076 606 4146 credimus,
663 4091 775 4131 non
818 4082 1065 4146 spectant
1117 4075 1219 4131 nisi
1265 4075 1329 4130 ad
1373 4092 1529 4131 casus
1574 4074 1713 4131 idem
1760 4083 2016 4131 sonantes
2061 4075 2301 4132 eiusdem
2357 4076 2463 4132 hoc
2506 4087 2595 4133 est

315 4158 576 4216 secundae
618 4159 994 4216 declinationis
1038 4159 1445 4217 discernendos,
1511 4167 1568 4216 et
1612 4160 1803 4216 inutile
1835 4169 1950 4216 erat
1993 4158 2264 4234 provideri
2291 4162 2592 4233 scripturae

316 4242 619 4300 diversitate
661 4259 738 4299 ne*
775 4242 990 4317 quando
1035 4244 1244 4299 dativus
1300 4246 1488 4300 tertiae
1531 4261 1654 4300 cum
1698 4245 1963 4301 secundae
2005 4260 2131 4299 casu
2188 4242 2369 4316 aliquo
2414 4247 2594 4302 conci-

315 4335 498 4398 neren
542 4328 690 4401 quod
733 4345 845 4384 non
889 4336 1101 4402 poterat
1145 4331 1359 4385 evenire
1403 4331 1507 4385 nisi
1550 4346 1694 4385 raro.
1743 4360 1817 4368 —
1864 4327 1996 4383 illud
2040 4326 2275 4383 sortasse
2319 4338 2436 4385 erat
2481 4346 2592 4387 me—

317 4412 421 4469 lius
462 4413 665 4469 dativos
696 4422 752 4469 et
781 4411 1040 4469 ablativos
1072 4414 1265 4470 tertiae
1296 4413 1549 4485 discerni,
1596 4414 1687 4469 ubi
1732 4423 1961 4486 uterque
1992 4413 2315 4469 terminatur
2342 4415 2361 4468 i
2390 4412 2588 4472 littera.
