3267 5075
716 436 850 498 244
1529 434 1749 490 LIBER
1793 434 1963 501 XXII,
2004 432 2200 490 XXIII.

1425 620 1548 659 cum
1593 603 1660 659 ad
1706 620 1790 659 me
1834 594 2103 659 cubitum'
2123 610 2362 675 venerat,

972 695 1168 762 sponte
1211 690 1326 762 ipsa
1369 696 1561 763 suapte
1606 687 1868 761 adducta,
1914 697 1977 744 ut
2023 688 2254 744 tunicam
2300 695 2357 743 et
2400 694 2579 743 cetera

970 775 1215 830 reiceret.

717 883 814 940 sed
857 886 1042 940 nescio
1088 901 1194 958 qua
1237 884 1304 940 de
1348 900 1505 940 causa
1553 886 1720 959 magis
1766 876 1965 941 arridet
2007 885 2153 959 quod
2197 885 2400 959 placuit
2439 883 2771 941 Lachmanno.
2846 880 2945 935 hinc

719 971 897 1025 evenit
944 977 1003 1024 ut
1046 968 1186 1025 libro
1231 966 1364 1024 xxti
1409 970 1515 1024 hoc
1560 969 1924 1044 fragmentum
1981 969 2426 1026 adscriberemus,
2486 1000 2572 1009 —
2624 971 2841 1026 tunicam
2876 971 2946 1026 el,-

717 1052 788 1108 cf.
834 1053 887 1108 d.
934 1071 979 1111 r.
1026 1071 1097 1110 m.
1137 1052 1292 1122 2353
1339 1053 1481 1109 300.
2189 1093 2195 1095 -

890 1136 949 1194 5.
1018 1140 1264 1210 petulis;
1308 1140 1379 1193 ita
1425 1137 1586 1194 scribi
1631 1138 1831 1212 placuit
1875 1156 1997 1194 cum
2043 1138 2112 1196 ob
2158 1138 2506 1194 reverendam
2537 1133 2946 1213 glosariiLugdu-

720 1224 902 1280 nensis
947 1224 1345 1294 auctoritatem,
1391 1231 1505 1278 tum
1551 1221 1698 1298 quod
1741 1222 1862 1279 libri
1908 1223 2132 1279 Noniani
2179 1225 2232 1279 in
2278 1240 2437 1279 versu
2469 1222 2641 1279 Plauti
2682 1223 2776 1278 sive
2800 1221 2840 1275 is
2866 1219 2949 1274 fuit

719 1307 928 1362 Caecilii
986 1324 1080 1381 pg.
1128 1306 1250 1363 205
1308 1306 1508 1363 habent
1546 1310 1780 1380 petalis.
1879 1308 2068 1383 glosae
2122 1307 2343 1364 Isidori:
2393 1311 2634 1379 petulas
2682 1321 2837 1379 equus
2871 1305 2951 1376 qui

716 1393 890 1448 habet
935 1394 1096 1449 albos
1134 1394 1332 1464 pedes.
1378 1422 1461 1431 —
1502 1392 1557 1448 id
1604 1391 1921 1448 vocabulum
1967 1392 2112 1466 quod
2157 1409 2185 1447 a
2226 1387 2456 1470 πετάλῳ
2501 1393 2709 1448 deducit
2733 1389 2947 1445 Meursius

718 1492 894 1532 exerc.
927 1477 1051 1532 crit.
1081 1475 1145 1549 ll,
1180 1476 1299 1533 108
1330 1477 1459 1549 quin
1489 1478 1747 1549 corripiat
1786 1477 2164 1550 paenultimam
2204 1485 2496 1551 postquam
2523 1476 2703 1532 Lucilii
2730 1475 2948 1548 fragmen·

719 1570 835 1616 tum
879 1577 980 1616 suo
1026 1560 1165 1617 libro
1210 1562 1547 1617 restituimus
1592 1562 1775 1634 paucis
1821 1563 1922 1616 iam
1954 1563 2056 1618 erit
2087 1560 2326 1617 dubium.
2373 1578 2459 1601 -·-
2504 1579 2624 1618 uam
2667 1569 2715 1616 et
2748 1561 2949 1614 inversu

720 1645 894 1702 Plauti
938 1647 1049 1717 sive
1094 1647 1277 1719 potius
1320 1644 1530 1702 Caecilii
1583 1655 1669 1701 est
1728 1645 1810 1717 (ut
1855 1654 2030 1702 tamen
2075 1645 2232 1702 Nouii
2288 1646 2447 1719 culpa
2503 1662 2612 1701 non
2666 1643 2948 1700 librariorum

717 1728 797 1786 illi
839 1732 992 1787 cuius
1037 1729 1120 1786 bis
1164 1730 1265 1786 sub
1321 1732 1538 1787 nomine
1593 1730 1735 1786 redit
1789 1731 2115 1804 adscriptum
2171 1747 2288 1787 esse
2334 1730 2656 1803 existimem)
2705 1740 2950 1802 agnoscere

720 1815 847 1871 mihi
890 1815 1078 1872 videor
1121 1817 1442 1887 trimetrum,
1485 1815 1557 1871 ita
1603 1814 1770 1871 ferme
1815 1814 2244 1890 concipiendum.

973 1936 1203 2010 namque
1248 1936 1547 1993 coloratum
1589 1933 1826 1991 frontem
1872 1935 2063 2007 habet,
2108 1936 2366 2009 petilust,
2410 1936 2634 1993 imbrus·

718 2072 894 2129 neque
942 2072 1023 2111 me
1068 2064 1248 2111 movet
1292 2055 1438 2129 quod
1482 2055 1686 2130 legitur
1714 2072 1808 2129 pg.
1840 2053 1965 2111 205
2010 2057 2365 2112 color-utilem
2407 2056 2461 2110 in
2509 2072 2621 2129 quo
2663 2055 2809 2111 latere
2837 2052 2956 2107 colo·

719 2149 911 2196 ratum
954 2142 1051 2197 ille
1094 2142 1284 2196 statuit
1329 2140 1655 2196 Ritschelius
1684 2156 1797 2212 par.
1836 2140 1990 2208 1713
2037 2142 2235 2195 etenim
2266 2140 2321 2195 id
2350 2148 2479 2195 nato
2512 2143 2554 2197 il
2583 2157 2647 2197 ex
2683 2156 2718 2195 u
2745 2146 2797 2192 ut
2822 2148 2955 2207 saepe

719 2225 847 2280 alias
893 2224 1064 2280 labem
1109 2226 1335 2281 traxisse
1378 2225 1645 2280 existimo.
1688 2254 1775 2264 —
1817 2232 2059 2280 ceterum
2106 2226 2363 2281 memoria
2394 2241 2503 2281 nou
2546 2225 2807 2307 indignum
2837 2216 2956 2294 quod

719 2309 849 2390 dicit
893 2310 1086 2366 Festus
1132 2307 1254 2366 205
1302 2309 1518 2383 petilam
1564 2325 1743 2365 suram
1788 2310 1979 2365 siccam
2027 2317 2083 2364 et
2125 2308 2471 2367 substrictam
2525 2310 2689 2383 vulgo
2732 2308 2957 2378 interpre-

717 2395 818 2450 tari
864 2394 1081 2450 doctos·

890 2479 948 2536 6.
1008 2483 1293 2553 utrimque
1324 2495 1492 2537 secus
1503 2503 1522 2543 ;
1564 2486 1778 2553 prostat
1809 2479 1861 2534 id
1895 2478 2202 2534 adverbium
2232 2481 2392 2536 etiam
2421 2495 2510 2554 ap.
2540 2478 2695 2536 Lucr.
2723 2475 2819 2547 llll,
2841 2471 2958 2531 939.

887 2565 1062 2628 xxm,
1098 2566 1153 2621 1.
1230 2565 1296 2621 de
1342 2565 1655 2639 fragmentis
1700 2573 1940 2621 veterum
1986 2574 2269 2637 poetarum
2299 2564 2610 2620 Latinorum
2643 2579 2769 2638 quae
2793 2558 2956 2617 Paulus

719 2649 920 2707 Merula
954 2666 1016 2705 ex
1059 2649 1197 2706 libro
1242 2648 1512 2723 Calpurnii
1556 2649 1624 2704 de
1668 2651 2000 2705 continentia
2030 2657 2271 2705 veterum
2316 2656 2600 2722 poetarum
2631 2652 2737 2706 sive
2768 2663 2825 2702 ex
2854 2643 2957 2699 For·

721 2736 857 2790 nerii
901 2734 1151 2808 glosariis
1197 2734 1408 2790 adferre
1454 2750 1512 2789 se
1558 2733 1686 2789 dicit
1732 2741 1861 2807 post
1890 2742 2062 2789 motas
2109 2734 2236 2789 olim
2268 2736 2332 2789 ab
2365 2733 2671 2791 Hermanno
2719 2727 2808 2810 [el.
2829 2729 2879 2786 d.
2905 2743 2956 2783 m.

720 2819 862 2877 628.
911 2812 1064 2895 632]
1112 2820 1441 2892 suspitiones
1486 2826 1733 2895 accurate
1777 2817 2035 2874 disseruit
2075 2817 2340 2892 losephus
2372 2817 2675 2875 Lawickius
2718 2819 2767 2872 in
2795 2814 2958 2871 disser-
3024 2877 3029 2882 ¹

721 2906 924 2960 tatione
967 2904 1183 2959 Bonnae
1228 2921 1273 2958 a.
1324 2902 1485 2959 1852
1533 2902 1707 2971 edita;
1755 2904 1845 2976 qui
1889 2903 1993 2958 etsi
2038 2904 2092 2958 in
2138 2902 2507 2959 convincenda
2536 2903 2777 2976 Merulae=
2804 2895 2958 2960 fraude

718 2987 974 3061 quaedam
1023 2997 1116 3045 aut
1160 2989 1406 3044 omisisse
1450 2996 1543 3043 aut
1586 2987 1764 3043 minus
1808 2995 1954 3043 recte
1997 2979 2304 3061 disputasse
2348 2988 2475 3044 mihi
2522 2986 2764 3060 videtur,
2816 2995 2959 3041 tamen

717 3081 826 3127 tam
870 3070 1007 3128 bene
1051 3088 1273 3128 munere
1317 3089 1419 3128 suo
1463 3072 1683 3128 functus
1727 3080 1842 3143 est,
1898 3089 2009 3128 non
2063 3081 2123 3128 ut
2166 3073 2343 3145 possit
2382 3071 2616 3128 dubitari
2660 3072 2727 3128 de
2777 3066 2960 3145 perfidia

716 3157 879 3213 illius.
966 3159 1149 3232 itaque
1194 3173 1306 3212 rem
1350 3163 1521 3213 actam
1573 3174 1736 3231 agere
1779 3156 2143 3231 supersedeo,
2199 3157 2331 3214 illud
2376 3156 2647 3213 addidisse
2690 3161 2961 3218 contentus,

720 3242 1150 3317 glosographum
1193 3240 1344 3296 illum
1388 3258 1517 3297 sane
1561 3243 1641 3297 uti
1684 3242 1850 3298 videri
1891 3240 2132 3298 fontibus
2173 3241 2492 3312 reconditiS,
2538 3243 2737 3316 quippe
2779 3239 2859 3295 cui
2891 3234 2962 3294 lib.

719 3326 874 3382 xxm
919 3326 1107 3382 Lucilii
1152 3321 1422 3400 patuerit,
1482 3343 1546 3382 ex
1604 3343 1714 3398 quo
1760 3343 1918 3382 nemo
1975 3336 2254 3400 praeterea
2310 3326 2495 3381 attulit
2548 3326 2836 3399 quidquam
2884 3319 2974 3376 nisi·

719 3428 885 3467 unum
916 3412 1261 3483 versiculum,
1294 3427 1453 3485 quem
1486 3419 1664 3466 tamen
1697 3420 1751 3467 et
1784 3411 1957 3485 ipsum
1989 3412 2334 3483 removimus,
2364 3407 2688 3467 Priscianus.
2736 3442 2809 3450 ·—
2854 3415 2965 3464 cete·

718 3513 836 3551 rum
881 3495 1038 3553 liceat
1081 3496 1204 3552 data
1245 3498 1525 3553 occasione
1554 3494 1808 3552 Lawickii
1854 3495 2119 3569 quendam
2163 3495 2444 3552 confutare
2486 3511 2755 3567 errorem,
2801 3496 2965 3569 quippe

720 3582 811 3653 qui
855 3589 911 3637 et
953 3582 1070 3654 ipse
1114 3581 1502 3654 quadamtenus
1550 3581 1788 3654 pertinet
1830 3582 1892 3635 ad
1936 3579 2215 3636 Lucilium.
2290 3579 2381 3636 ille
2426 3581 2567 3637 enim
2613 3597 2752 3656 quae
2793 3577 2968 3654 profert

717 3664 918 3720 Merula
961 3682 1055 3738 pg.
1088 3664 1210 3720 264
1256 3682 1286 3721 e
1328 3666 1565 3740 glosario
1596 3668 1724 3721 ollis
1767 3657 2030 3733 ἐκείνοις.
2100 3664 2394 3722 Pacuvius
2427 3679 2618 3738 perca
2649 3668 2778 3723 ollis
2818 3664 2967 3737 opitu·

714 3751 901 3804 larier
943 3753 1144 3821 cupio,
1190 3750 1321 3805 dicit
1364 3749 1617 3806 exhibere
1663 3751 1854 3823 tragici
1897 3750 2256 3824 fragmentum
2295 3749 2510 3806 aliunde
2550 3750 2819 3822 ignotum.
2895 3742 2968 3802 sed

718 3840 864 3888 extat
906 3833 961 3887 in
992 3832 1250 3890 Periboea
1293 3833 1368 3906 (id
1412 3836 1591 3909 ipsum
1621 3850 1817 3890 nomen
1848 3833 1992 3893 facili
2022 3842 2086 3890 ut
2113 3834 2256 3890 solet
2286 3833 2542 3890 felicitate
2570 3835 2836 3892 divinandi
2865 3845 2968 3888 usus

717 3919 771 3972 in
819 3915 1075 3973 tollendis
1104 3919 1450 3992 corruptelis,
1496 3937 1628 3993 quas
1672 3921 1789 3992 ipse
1829 3927 2133 3993 pepererat,
2177 3917 2244 3974 de
2288 3920 2600 3975 coniectura
2627 3920 2864 3976 restituit
2889 3915 2970 3972 lle·

717 3997 854 4077 ruia)
899 4020 984 4077 ap.
1032 4001 1168 4057 Non·
1215 4001 1334 4060 153
1374 4021 1417 4059 S.
1453 4023 1498 4058 v.
1543 4003 1815 4077 perbitere
1860 4022 1993 4060 nam
2037 4020 2125 4061 me
2162 4005 2454 4075 perbitere
2507 4007 2624 4061 illis
2667 4022 2762 4078 op.
2805 4002 2971 4078 quovis

718 4091 891 4145 exitio
921 4090 1108 4161 cupio.
1177 4087 1274 4143 sed
1303 4088 1409 4143 hoc
1451 4089 1570 4162 ipso
1617 4090 1927 4145 testimonio
1972 4090 2236 4145 evincitur
2278 4090 2509 4145 hominis
2545 4089 2713 4149 fraus,
2785 4105 2895 4145 nam
2929 4081 2972 4140 id

721 4171 865 4245 quod
910 4181 994 4228 est
1039 4174 1138 4230 olli
1178 4189 1288 4227 non
1319 4173 1575 4228 scaenicis
1605 4174 1776 4247 magis
1820 4171 1925 4229 fuit
1967 4172 2257 4246 probatum
2287 4191 2445 4247 quam
2475 4174 2857 4248 dactylicorum
2882 4169 2975 4245 ple·

717 4258 917 4329 risque.
991 4259 1093 4313 iam
1125 4258 1326 4313 satirici
1356 4257 1499 4312 omni
1532 4265 1778 4330 tempore
1820 4275 1889 4314 eo
1917 4257 2241 4314 abstinuere.
2315 4257 2539 4315 videnda
2572 4276 2712 4333 quae
2751 4255 2974 4314 disserui-

719 4357 839 4396 mus
864 4340 985 4399 386
1007 4340 1126 4397 libri
1147 4343 1342 4398 nostri.
1397 4341 1619 4397 fuerunt
1639 4349 1817 4399 tamen
1842 4343 1934 4416 qui
1956 4341 2158 4398 Lucilio
2182 4344 2514 4401 sustinerent
2536 4344 2757 4401 inferre.
2809 4339 2973 4398 mansit

721 4441 822 4481 usu
868 4424 1074 4506 vulgari
1103 4425 1406 4481 adverbium
1452 4429 1577 4483 olim
1618 4427 1674 4482 h.
1722 4443 1771 4481 e.
1805 4429 1977 4502 ellim,
2018 4427 2114 4483 sed
2156 4428 2297 4483 enim
2337 4426 2735 4508 significatione
2777 4433 2972 4484 mutata.
3012 4423 3017 4432 '
