3267 5075
731 374 858 438 140
1244 436 1261 447 ‚
1485 376 1588 431 EX
1622 376 1855 431 LIBRIS
1890 376 2248 433 INCERTIS.

1616 538 1898 604 XXXHI
1943 540 2038 622 [5]
2067 564 2109 623 γ

904 653 1207 721 Crassum
1249 655 1458 720 habeo
1506 677 1839 741 generum,
1885 678 1966 720 ne
2011 655 2489 722 rhetoricotero'
2534 662 2607 722 tu
2651 658 2748 722 sis,

1573 769 1853 835 XXXIV
1899 770 1974 855 [Ι,
2020 772 2160 851 4]δ

903 886 1030 952 Cic.
1077 888 1154 951 de
1198 890 1329 952 nat.
1376 888 1547 952 deor.
1591 887 1642 969 I,
1688 887 1790 970 23,
1838 887 1954 951 63·
2015 887 2167 971 quid
2214 887 2290 951 de
2338 889 2683 975 sacrilegis,
2725 888 2861 974 quid
2900 887 2962 951 de

723 1003 916 1087 inpiis
964 1004 1357 1089 periurisque
1403 1002 1729 1068 dicemus?

1363 1119 1650 1183 Tubulus
1689 1118 1745 1182 si
1788 1115 2019 1182 Lucius
2066 1141 2396 1203 umquam,

904 1211 958 1299 si
1002 1234 1222 1318 Lupus
1269 1237 1382 1299 aut
1425 1233 1664 1318 Garbe,
1708 1232 1997 1319 Neptuni
2041 1235 2211 1299 filius
2262 1289 2296 1298 -
2322 1279 2383 1318 υ,

724 1321 797 1414 u⁸t
842 1350 934 1414 ait
976 1348 1275 1435 Lucilius,
1319 1352 1609 1434 putasset
1654 1372 1791 1415 esse
1838 1350 2008 1434 deOS,
2052 1354 2187 1417 tam
2232 1352 2525 1437 periurus
2573 1355 2683 1416 aut
2726 1355 2850 1417 iam
2888 1351 2966 1413 in-

722 1487 921 1548 purus
966 1465 1241 1531 fuisset?
2138 1475 2157 1483 ‘

1491 1590 1738 1656 XXXV
1782 1592 2018 1677 [VIIII,
2068 1590 2174 1681 10]
2207 1617 2237 1657 ε

770 1706 856 1771 65
901 1706 1053 1793 quid
1097 1707 1216 1771 tibi
1262 1728 1383 1792 ego
1430 1709 1760 1793 ambageS,
1807 1707 2093 1792 Ambivi‚
2139 1709 2414 1774 scribere
2461 1710 2696 1775 coner?

1494 1821 1771 1889 XXXVI
1817 1823 2054 1909 [VIIIL
2100 1826 2167 1906 6]
2201 1828 2233 1903 ζ

901 1939 1195 2003 servandi
1239 1936 1508 2048 Numeri
1551 1961 1892 2005 numerum
1937 1943 2010 2004 ut
2056 1937 2364 2004 servemu'
2408 1941 2806 2026 modumque.

723 2169 965 2219 XXXIII
1026 2169 1136 2221 cic..
1175 2170 1239 2219 de
1275 2174 1409 2220 orat.
1448 2173 1667 2233 111,43,
1712 2173 1796 2221 171
1864 2186 1999 2237 quae
2045 2168 2167 2239 [frg.
2203 2172 2316 2221 inc.
2350 2169 2444 2221 lib.
2489 2167 2574 2238 10]
2632 2188 2748 2223 cum
2780 2170 2975 2221 dixisset

722 2238 778 2286 in
833 2237 1116 2288 Albucium
1165 2238 1422 2301 illudens,
1475 2255 1542 2288 ne
1585 2255 1618 2288 a
1671 2255 1753 2289 me
1807 2240 2023 2304 quidem
2075 2240 2343 2290 abstinuit
2387 2266 2453 2275 —
2499 2240 2631 2305 quid
2683 2244 2837 2304 ergo?
2889 2239 2976 2287 iste

724 2307 986 2369 CrassuS,
1040 2306 1295 2370 quoniam
1346 2308 1462 2358 eius
1515 2307 1757 2358 abuteris
1802 2308 2040 2368 nomine,
2096 2307 2226 2373 quid
2276 2306 2483 2357 efficit?
2533 2308 2676 2359 idem
2727 2306 2851 2357 illud
2889 2305 2975 2355 sci·

722 2373 869 2435 licet,
907 2378 968 2423 ut
1001 2373 1097 2424 ille
1136 2373 1255 2423 vult
1289 2380 1344 2424 et
1379 2390 1480 2439 ego
1517 2373 1726 2436 vellem,
1761 2374 1952 2424 melius
1977 2344 2258 2439 aliquanto
2298 2389 2456 2439 quam
2483 2375 2761 2427 Albucius.
2811 2387 2974 2423 verum

722 2443 779 2490 in
817 2457 899 2491 me
938 2442 1156 2506 quidem
1193 2442 1328 2492 lusit
1362 2442 1454 2492 ille
1492 2447 1551 2493 ut
1588 2442 1742 2492 solet.
1894 2442 2101 2493 XXXV
2157 2442 2330 2492 Varro
2367 2442 2417 2493 d.
2452 2442 2489 2493 1.
2524 2442 2561 2492 l.
2603 2444 2725 2506 VII,
2761 2444 2823 2494 30
2858 2438 2976 2505 apud

727 2509 1057 2560 Lucilium
1091 2537 1157 2545 —
1195 2510 1498 2575 profectum
1543 2526 1576 2560 a
1622 2510 1789 2560 verbo
1835 2513 1990 2561 ambe
2036 2510 2179 2577 quod
2223 2511 2365 2561 inest
2399 2511 2457 2560 in
2493 2511 2703 2562 ambitu
2748 2516 2802 2563 et
2835 2507 2975 2560 ambi·

724 2579 886 2628 tioso,
1025 2578 1255 2627 XXXVI
1316 2577 1472 2631 Char.
1509 2580 1575 2628 60
1619 2579 1873 2630 Lucilius
1904 2584 1959 2628 et
1994 2579 2252 2629 Aemilius
2288 2584 2342 2629 et
2375 2584 2558 2629 cetera
2597 2578 2682 2643 (L.
2718 2582 2821 2633 Ae.
2854 2580 2975 2627 etc.

725 2661 825 2695 om.
851 2643 1042 2710 Neap.)
1080 2646 1315 2707 nomina,
1353 2660 1492 2708 quae
1528 2651 1658 2695 ante
1695 2662 1730 2695 ιι
1765 2647 1966 2697 habent
2002 2646 2022 2695 i
2059 2645 2305 2712 [duplici]
2343 2647 2383 2695 ii
2417 2649 2675 2712 genetivo
2713 2646 2975 2712 (nomina

722 2728 765 2762 e.
808 2730 858 2780 q.
896 2730 940 2764 s.
978 2714 1035 2762 in
1070 2714 1242 2778 Neap.
1282 2713 1553 2763 collocata
1597 2719 1726 2763 sunt
1769 2721 1895 2779 post
1938 2729 2169 2780 sequens
2215 2713 2524 2776 observa)
2581 2715 2841 2778 singulari
2872 2713 2975 2772 (om.

723 2780 916 2845 Neap.)
955 2780 1098 2831 finiri
1132 2781 1347 2843 debent,
1385 2798 1454 2831 ne
1503 2785 1627 2843 (om.
1665 2780 1856 2847 Neap.)
1903 2797 2126 2832 necesse
2161 2782 2234 2832 sit
2270 2783 2534 2832 adversus
2576 2782 2979 2833 observationem

723 2849 997 2898 nominum
1033 2848 1346 2909 (observa
1382 2848 1580 2914 Neap.)
1627 2850 1963 2900 nominativo
2001 2850 2262 2900 minorem
2297 2848 2410 2899 fieri
2444 2851 2774 2913 genetivum.
2839 2847 2978 2909 idque

722 2916 895 2966 Varro
939 2916 1157 2966 tradens
1208 2915 1371 2966 adicit
1425 2917 1736 2967 vocativum
1792 2933 2004 2983 quoque
2057 2916 2300 2979 (adicit
2346 2933 2449 2967 om.
2496 2916 2610 2967 rell.
2657 2917 2839 2983 Neap.)
2886 2915 2981 2964 sin«

723 2983 968 3047 gularem
1001 2983 1191 3033 talium
1226 2986 1502 3034 nominum
1537 3000 1631 3049 per
1659 2985 1861 3049 duplex
1895 2986 1915 3033 i
1951 2985 2115 3035 scribi
2149 2984 2363 3046 debere,
2402 2985 2497 3035 sed
2523 2990 2742 3051 propter
2764 2984 2979 3035 differen-

723 3051 853 3100 tiam
889 3050 954 3114 (s.
994 3067 1045 3115 p.
1082 3052 1131 3099 d.
1171 3066 1272 3104 om.
1310 3052 1505 3117 Neap.)
1550 3068 1777 3102 casuum
1824 3053 2094 3117 corrumpi
2138 3051 2279 3112 (add.
2327 3054 2492 3118 Neap.
2532 3053 2627 3117 .i.).
2698 3050 2976 3103 Lucilius

723 3124 901 3169 tamen
936 3123 990 3168 et
1026 3134 1120 3183 per
1154 3134 1320 3168 unum
1355 3119 1376 3168 i
1421 3120 1600 3183 (Luc.
1638 3136 1684 3169 e.
1721 3137 1771 3185 q.
1810 3138 1852 3170 s.
1898 3136 1999 3169 om.
2037 3119 2228 3184 Neap.)
2273 3123 2586 3184 genetivum
2634 3122 2802 3171 scribi
2842 3130 2979 3185 posse

720 3187 1017 3239 existimat.
1089 3186 1171 3236 ait
1205 3186 1349 3237 enim
1387 3214 1448 3222 —
1486 3204 1777 3253 numquam
1812 3188 1952 3237 enim
1987 3187 2092 3238 hoc
2128 3188 2317 3238 intulis
2324 3194 2428 3249 set,
2464 3189 2569 3238 nisi
2605 3194 2662 3239 et
2694 3187 2978 3239 Numerium

724 3252 1084 3320 (numerum
1108 3253 1303 3318 Neap.)
1341 3270 1439 3319 per
1462 3255 1499 3316 i,
1523 3256 1688 3306 huius
1711 3256 1929 3305 Numeri
1954 3255 2259 3305 faciendum
2284 3255 2504 3319 (huius
2543 3291 2800 3306 .......
2834 3255 2976 3304 cieu-

722 3324 862 3374 dum
897 3322 1087 3388 Neap.)
1124 3322 1377 3372 credet-,et
1423 3349 1489 3357 —
1536 3322 1721 3387 qualia
1756 3323 1898 3388 apud
1938 3323 2178 3372 Dousam
2226 3329 2283 3372 et
2319 3323 2551 3372 Charisii
2597 3328 2652 3373 et
2687 3324 2878 3374 Lucilii
2907 3335 2978 3368 ex·

722 3391 1015 3441 hibeantur
1050 3391 1242 3451 verba,
1301 3391 1358 3439 in
1396 3390 1785 3441 commentario
1833 3390 2305 3440 demonstrabitur.
2375 3390 2682 3441 charisium
2716 3386 2979 3453 exscripsit

722 3458 884 3521 Beda,
923 3459 1016 3539 qui
1050 3459 1108 3507 in
1130 3457 1316 3508 libello
1351 3457 1416 3507 de
1451 3459 1638 3509 metris
1674 3460 1806 3508 2373
1842 3459 1909 3507 ad
1933 3474 2152 3508 versum
2174 3459 2464 3509 Fortunati
2501 3459 2800 3510 ‘vincentii
2834 3469 2979 3523 spana

724 3526 830 3589 (sic
866 3525 1009 3575 eniin
1054 3527 1212 3590 legit,
1258 3542 1369 3576 uon
1415 3526 1556 3591 quod
1599 3520 1777 3576 fertur
1821 3527 1963 3590 apud
2012 3526 2328 3576 Putschium
2375 3527 2720 3576 Vincentii
2764 3528 2978 3607 uoispa-

721 3593 906 3658 niae)
945 3594 1118 3658 surgit
1152 3593 1221 3643 ab
1255 3609 1378 3643 arce
1412 3593 1595 3644 decus'
1632 3594 1768 3642 haec
1804 3594 2017 3644 notavit
2054 3599 2141 3642 sat
2175 3595 2419 3643 incaute.
2457 3595 2612 3644 cuius
2652 3595 2859 3645 scansio
2881 3605 2979 3639 ver·

723 3677 815 3711 sus
851 3677 978 3726 pars
1012 3666 1098 3711 est
1131 3661 1364 3725 praefati
1409 3662 1518 3711 nisi
1553 3661 1695 3711 forte
1728 3661 1972 3724 regulam
2015 3662 2266 3711 Lucilii
2309 3663 2480 3713 secuti
2516 3668 2670 3724 sunt,
2714 3663 2807 3727 qui
2839 3655 2977 3710 Luci

722 3727 855 3777 lium
897 3735 953 3778 et
998 3727 1280 3779 Aemilium
1323 3735 1379 3779 et
1423 3736 1607 3780 cetera
1652 3731 1870 3779 nomina
1927 3745 2064 3794 quae
2111 3730 2132 3779 i
2173 3735 2300 3780 ante
2343 3745 2379 3779 u
2424 3729 2630 3781 habent
2679 3746 2784 3780 non
2828 3726 2981 3780 solum

895 3959 972 4016 62
1018 3959 1434 4016 rhetoricotero’
1484 3970 1541 4016 ιιι
1585 3964 1693 4031 sis3
1738 3963 2044 4017 rhaetorico
2093 3969 2146 4017 tc
2189 3960 2362 4018 rufius
2408 3963 2487 4017 cis
2529 3962 2894 4019 Abrincensis
2931 3959 2982 4013 ul

724 4048 832 4103 vid.
964 4044 1043 4101 64
1088 4042 1322 4117 Neptuni
1368 4044 1483 4115 Sc.,
1532 4055 1624 4101 aut
1668 4047 1900 4121 Neptuni
1946 4048 2071 4102 cdd.
2206 4046 2283 4103 67
2333 4044 2533 4102 Ambivi
2580 4065 2655 4118 v.‚
2699 4045 2870 4101 ambiu
2899 4042 2979 4098 ΡΙ.

852 4130 931 4188 66
975 4134 1034 4186 in
1080 4129 1268 4199 Neap.
1312 4130 1407 4185 hic
1453 4137 1538 4184 est
1583 4132 1884 4187 verborum
1915 4134 2086 4187 ordo.-
2129 4132 2401 4204 corrumpi
2448 4131 2504 4187 .i.
2546 4128 2608 4207 ss
2651 4132 2858 4187 numeri
2898 4142 2982 4183 nu·

723 4232 928 4272 merum
974 4223 1035 4272 ut
1078 4229 1352 4269 servemus
1399 4255 1711 4273 .......
1756 4216 2069 4289 genetivum
2121 4215 2281 4274 scribi
2335 4233 2497 4289 posse
2553 4218 2840 4273 existimat.
2920 4211 2982 4267 ait

724 4302 866 4356 enim
922 4298 1184 4359 servandi.
1252 4330 1318 4339 —
1383 4297 1712 4373 modumque
1757 4302 1887 4359 add.
1934 4301 2020 4374 D,
2067 4319 2173 4357 om.
2221 4302 2407 4372 Neap.
2454 4323 2551 4340 -’
2582 4300 2828 4369 Numeri3
2865 4299 2982 4371 post

723 4388 780 4443 h.
831 4404 878 4446 v.
928 4388 1090 4458 vulyo
1135 4402 1352 4442 comma
1391 4386 1648 4456 ponitur.
