3267 5075
937 1250 1056 1322 IV.

1166 1248 1467 1322 INDEX
1521 1249 1855 1321 RERUM
1878 1331 1888 1340 ,
1909 1247 2508 1322 NOTABILIUM

1307 1369 1405 1435 IN
1452 1369 2145 1437 COMMENTARIIS.

581 1538 1023 1605 orthographica
1055 1544 1109 1590 et
1144 1539 1497 1603 grammatica
1522 1555 1644 1589 cum
1668 1540 1785 1605 ipso
1808 1539 2098 1590 verborum
2132 1540 2306 1589 indice
2337 1545 2878 1605 repraesentarentur

579 1623 690 1658 non
727 1608 929 1673 ubique
963 1608 1052 1658 hic
1085 1603 1196 1657 loci
1229 1609 1561 1670 notavimus,
1600 1605 1735 1658 illud
1769 1606 2039 1658 addidisse
2084 1607 2329 1658 contenti
2373 1608 2466 1657 vix
2502 1623 2754 1673 umquam
2793 1609 2874 1658 in·

581 1675 844 1726 solentias
878 1675 1189 1726 dictionum
1210 1674 1418 1737 Lucilii
1461 1675 1888 1741 qualescumque
1935 1677 2050 1725 suis
2093 1690 2277 1726 carere
2321 1677 2652 1726 commentis.
2686 1703 2754 1711 -
2791 1691 2877 1725 res

583 1744 652 1792 ad
689 1749 862 1793 metra
898 1744 1235 1809 pertinentes
1282 1743 1520 1808 exceptis
1565 1743 1940 1809 paucissimis,
1980 1759 2120 1809 quae
2158 1743 2218 1792 in
2254 1742 2390 1794 libro
2425 1743 2476 1793 d.
2517 1760 2564 1797 r.
2603 1760 2672 1794 m.
2717 1760 2770 1809 p.
2808 1743 2876 1795 L.

580 1814 678 1860 aut
703 1811 923 1861 omnino
960 1826 1073 1862 non
1095 1810 1436 1861 haberentur
1469 1816 1568 1861 aut
1606 1825 1781 1869 secus,
1817 1811 1877 1860 in
1912 1810 2057 1860 hunc
2083 1810 2311 1860 indicem
2348 1826 2457 1860 non
2487 1811 2781 1866 retulimus.
2806 1838 2875 1847 —

580 1895 650 1929 ex
687 1879 1020 1930 coniecturis
1059 1893 1154 1929 cas
1202 1879 1318 1929 fere
1366 1877 1582 1930 silentio
1629 1879 2041 1943 praeteriimus‚
2087 1894 2225 1943 quae
2271 1878 2339 1927 ad
2372 1880 2538 1929 Nonii
2572 1879 2874 1929 aliorumve

580 1947 1054 2009 grammaticorum
1104 1946 1269 1998 verba
1322 1946 1656 1995 emendanda
1708 1950 2037 2012 spectarent.
2106 1963 2228 1996 nam
2274 1947 2343 1996 ab
2390 1945 2878 1998 emendatiunculis

1287 2012 1488 2063 talibus
1527 2015 1649 2079 quis
1684 2013 1914 2078 gloriam
1951 2015 2167 2079 speret?

580 2197 615 2230 a
649 2179 835 2232 littera
870 2183 987 2231 222.

578 2249 766 2299 abbito
802 2251 920 2311 225,
954 2250 1070 2301 226.

578 2316 730 2366 abire
766 2331 865 2381 pro
902 2315 1054 2366 obire
1089 2317 1204 2366 267.

577 2383 856 2435 ablativus
891 2382 1001 2434 loci
1025 2398 1146 2433 cum
1179 2382 1542 2434 substantivis
1578 2383 1699 2431 iun·

649 2459 773 2502 ctus
807 2454 925 2502 276.

576 2518 853 2571 ablativus
889 2519 1148 2585 temporis
1183 2520 1300 2570 238.

576 2587 888 2653 abstergere
925 2593 981 2639 et
1013 2587 1321 2651 abstergere
1357 2589 1473 2636 220.

574 2657 854 2707 abstracta
886 2655 973 2705 vel
1012 2655 1314 2705 inanimata
1349 2654 1582 2704 subiecti
1616 2655 1695 2704 vi-

644 2738 759 2773 cem
794 2723 1097 2774 obtinentia
1130 2724 1247 2774 239.

576 2790 912 2841 abundantia
938 2790 1154 2841 dicendi
1187 2790 1358 2855 epicis
1391 2795 1448 2840 et
1472 2790 1695 2854 tragicis

643 2859 810 2909 solita
843 2858 1240 2926 antiquissimis
1273 2859 1389 2911 293.

575 2926 910 2977 abundantia
946 2926 1215 2977 orationis
1252 2927 1379 2987 2103
1415 2927 1531 2977 251.

577 2996 837 3058 accipere,
871 2999 1110 3044 tractare
1145 2994 1271 3055 2463
1307 2995 1424 3055 258,
1461 2996 1545 3045 59.

574 3061 792 3124 Accius,
829 3077 939 3112 non
973 3062 1161 3112 Attius
1186 3063 1307 3113 320.
1377 3061 1494 3112 eius
1530 3075 1696 3126 opera

642 3134 862 3194 praeter
904 3129 1213 3194 tragoedias
1264 3131 1552 3184 317-319,
1630 3130 1695 3180 A.

644 3214 769 3248 num
790 3197 853 3247 de
872 3197 1258 3262 orthographia
1276 3196 1559 3261 scripserit
1577 3197 1696 3248 318.

642 3266 762 3316 eius
798 3264 1004 3331 placita
1048 3264 1115 3314 ad
1158 3269 1363 3315 rectam
1404 3264 1695 3315 verborum

645 3334 975 3398 scripturam
1019 3332 1358 3397 pertinentia
1402 3334 1526 3394 321,
1573 3335 1693 3386 322.

642 3401 707 3451 A.
749 3402 808 3450 in
849 3400 1035 3453 verbis
1069 3401 1288 3464 graecis
1321 3414 1552 3464 graecae
1587 3399 1695 3449 for·

642 3483 760 3519 mae
803 3469 1103 3520 observans
1155 3470 1275 3522 322.
1363 3467 1481 3519 eius
1531 3468 1694 3517 hexa-

641 3537 797 3586 metri
833 3541 920 3587 sat
953 3536 1074 3586 duri
1108 3532 1242 3586 ibid.

575 3604 774 3655 Accius
797 3620 898 3654 em.
923 3606 1050 3668 2063
1086 3606 1210 3667 21ος
1246 3605 1372 3666 211,
1407 3604 1529 3665 216;
1568 3606 1694 3666 2193

547 3705 552 3710 -
643 3675 769 3736 2203
805 3673 930 3733 258;
966 3674 1085 3723 262.

575 3739 896 3791 accumbere
930 3741 1047 3791 sim.
1084 3754 1206 3789 cum
1240 3754 1418 3793 accus.
1453 3741 1569 3790 234.

572 3822 872 3873 acupenser
903 3810 1020 3859 208.

574 3902 640 3911 -
676 3876 746 3925 ad
782 3891 880 3941 pro
904 3902 970 3911 —
992 3881 1053 3926 at
1085 3877 1212 3938 218;
1248 3877 1366 3925 261.

574 3958 638 3992 ae
655 3942 1025 4008 diphthongus
1042 3944 1102 3993 in
1119 3942 1223 3992 fine
1240 3943 1566 3993 ereticorum
1583 3957 1694 3992 non

642 4012 780 4062 elisa
813 4011 872 4062 in
907 4012 1235 4062 hexametris
1270 4013 1387 4062 268.

574 4084 825 4143 aetatem,
859 4079 1058 4130 multos
1094 4094 1268 4130 annos
1302 4081 1420 4130 272.

572 4147 831 4199 Afranius
874 4161 971 4202 em.
1016 4149 1144 4211 20ος
1199 4148 1324 4207 203;
1381 4148 1481 4198 207
1490 4164 1506 4211 3
1562 4148 1693 4210 224;

643 4218 767 4278 2373
804 4215 932 4279 26ος
966 4217 1082 4265 281.

574 4282 629 4332 ai
667 4297 829 4334 corru
867 4286 927 4332 ta
959 4298 994 4332 a
1026 4283 1265 4334 librariis
1299 4284 1423 4344 23ος
1461 4283 1563 4332 234
1585 4280 1658 4333 al.

574 4352 629 4400 ai
662 4300 1015 4415 dissyllabum
1049 4351 1108 4400 in
1143 4355 1344 4415 genet„
1381 4350 1572 4400 nonin
1596 4349 1693 4400 da·

642 4419 739 4468 tiv.
774 4420 899 4482 230,
934 4420 1052 4469 231.

1751 2178 1808 2229 ai
1840 2183 2019 2243 genet.
2055 2185 2112 2230 et
2147 2178 2258 2231 dat.
2297 2180 2424 2242 222,
2459 2182 2574 2231 223.

1753 2274 1819 2283 -
1854 2247 1909 2297 ai
1943 2247 2001 2297 in
2035 2261 2162 2311 gen.
2196 2261 2511 2311 graecorum
2545 2250 2660 2298 214.

1752 2314 1932 2366 alatus
1967 2317 2086 2365 266.

1751 2381 1877 2432 alba
1911 2383 2055 2433 linea
2089 2385 2205 2434 259.

1752 2450 2018 2501 Albucius
2054 2453 2171 2501 274.

1752 2517 1914 2569 alium
1950 2520 2067 2571 236.

1750 2585 2035 2638 Ambivius
2070 2588 2188 2637 278.

1750 2654 2099 2719 amphitapus
2137 2656 2251 2706 197.
2323 2654 2635 2719 amphitapa
2669 2652 2808 2706 ibid.

1749 2722 2062 2802 anaphoras
2094 2737 2247 2772 amor
2280 2723 2479 2773 nimius
2515 2725 2630 2775 273.

1747 2804 1955 2854 angma
1986 2792 2103 2841 267.

1747 2872 1891 2908 anno
1927 2860 2053 2921 2283
2089 2860 2207 2909 256.
2275 2857 2345 2908 ad
2380 2872 2582 2907 annum
2614 2854 2750 2912 ibid.

1748 2924 2099 2990 anthologiae
2134 2925 2232 2976 lat.
2271 2940 2485 2975 carmen
2521 2928 2638 2975 282.

1748 2992 1867 3042 anti
1904 3009 1976 3043 ua
2008 2993 2317 3044 Atticorum
2352 2993 2625 3043 comoedia
2659 2995 2776 3044 321.

1749 3076 1889 3125 appe
1912 3060 2041 3124 lare,
2074 3060 2470 3126 reprehendere
2502 3063 2629 3123 2363
2666 3063 2785 3111 254.

1749 3128 1892 3192 apud
1931 3144 2028 3194 pro
2062 3129 2132 3178 ad
2168 3130 2291 3189 2283
2329 3130 2447 3182 269.

1751 3194 1917 3260 Apuli
1951 3198 2080 3260 2763
2117 3198 2234 3249 277.

1747 3263 1952 3329 Apulia
1985 3266 2101 3315 259.

1751 3331 2021 3382 armillum
2058 3334 2174 3382 257.

1753 3404 1980 3449 artaena
2018 3401 2130 3451 198.
2201 3405 2499 3451 arustaena
2532 3396 2668 3451 ibid.

1755 3492 1811 3518 .—
1852 3483 1915 3518 as
1951 3483 2049 3532 pro
2085 3500 2151 3509 —
2186 3481 2286 3518 ans
2324 3467 2441 3518 sim.
2478 3468 2603 3530 2673
2643 3469 2761 3519 280.

1749 3559 1817 3569 -
1851 3550 2033 3587 assere
2066 3533 2373 3586 infinitivus
2406 3536 2521 3587 250.

1749 3602 2015 3666 asyndeta
2088 3602 2399 3669 frequentia
2477 3602 2872 3654 vetustissimis

1819 3671 2001 3735 poetis
2039 3671 2226 3722 latinis
2261 3673 2388 3733 2023
2423 3672 2541 3721 204.

1748 3737 2026 3856 Austlvlnius
2072 3754 2264 3803 parum
2305 3736 2437 3788 felix
2476 3739 2719 3789 imitator
2754 3738 2869 3789 Lu-

1819 3807 1871 3856 ci
1897 3806 1936 3856 'i
1969 3809 2090 3858 298.

1747 3941 2020 4006 baceolus,
2056 3936 2308 4008 βοὶκηλος
2341 3944 2457 3994 234.

1748 4008 1949 4059 bellum
1983 4010 2250 4061 Punicum
2284 4012 2508 4061 tertium
2541 4013 2664 4061 200.

1748 4077 2026 4130 blaterare
2062 4081 2179 4131 271.

1746 4144 1931 4195 bibere
1965 4146 2035 4196 ab
2070 4159 2276 4197 summo
2313 4148 2429 4197 213.

1746 4212 1888 4263 bono
1925 4214 2112 4269 animo
2140 4229 2215 4275 es,
2251 4212 2516 4264 formulae
2548 4213 2727 4264 instar
2749 4214 2872 4263 262.

1745 4280 1845 4333 bos
1878 4281 1938 4330 in
1973 4297 2100 4333 arce
2136 4284 2253 4333 230.

1746 4350 1907 4412 bov‘a,
1945 4364 2053 4400 non
2092 4351 2195 4400 boa
2231 4351 2349 4400 275.

1745 4416 2033 4468 bovinator
2066 4420 2181 4471 233.
