3267 5075
913 427 920 435 .
996 349 1236 410 DUBIA.
1321 350 1547 410 MAGIS
1586 348 1970 410 snsPssc'rA.
2433 362 2442 371 ·
2499 348 2628 417 287

340 523 590 593 haustae3
637 531 861 597 apparet
889 530 1037 579 certe
1077 518 1237 579 verba
1281 539 1418 596 quae
1462 531 1724 579 secuntur
1751 539 1872 579 esse
1903 518 2188 597 oratoris)·
2233 525 2460 580 videres
2489 525 2636 579 alios

340 615 583 665 ructare
628 625 704 663 ac
746 618 1032 679 respuere
1069 608 1469 678 pulcherrima
1516 609 1811 681 superbia.

509 691 568 747 5.
645 692 698 747 id
743 692 891 765 quod
937 691 1023 747 ed.
1069 709 1151 765 pr.
1198 691 1354 748 Char.
1400 692 1689 749 exhibetur
1729 696 1990 765 iuyerum
2048 702 2105 748 ut
2151 657 2407 748 abhorret
2451 710 2479 747 a
2531 657 2635 748 tra-¹

337 779 487 849 ditis,
532 779 606 833 ita
653 793 720 833 ne
765 792 864 849 per
904 793 964 831 se
1008 776 1225 849 quidem
1257 775 1417 833 babet
1446 776 1647 833 locum.
1724 793 1844 832 nam
1867 776 2103 833 debebat
2134 786 2281 833 certe
2311 790 2432 834 esse
2475 778 2632 850 ἐκρε-

338 878 552 933 rerum,
587 860 748 935 quod
794 861 1184 917 commendavit
1228 860 1596 917 Lachmannns
1640 878 1833 918 comm.
1869 860 2026 918 Lucr.
2061 861 2203 918 363.
2280 862 2408 918 mibi
2457 870 2632 917 tamen

336 964 432 1003 cur
475 954 747 1003 naterum
792 945 989 1001 dixisse
1035 962 1229 1020 negem
1288 955 1565 1002 auctorem
1622 948 1948 1020 quicumque
2006 945 2107 1002 l'uit
2167 963 2276 1002 nou
2322 953 2631 1020 comparet;

334 1049 455 1088 nam
499 1040 563 1087 ut
608 1047 802 1104 saepe,
858 1032 933 1086 ita
977 1030 1392 1104 haudquaquam
1414 1046 1652 1105 ,semper
1702 1032 1860 1086 metri
1904 1032 2225 1087 necessitate
2267 1030 2482 1087 adducti
2523 1030 2633 1085 for-

334 1133 445 1172 mas
491 1114 783 1172 verborum
829 1123 1101 1171 novarunt
1146 1123 1337 1188 poetae
1384 1124 1610 1172 veteres,
1686 1114 1782 1170 sed
1814 1113 2001 1171 Lucilii
2044 1117 2117 1171 sit
2163 1132 2332 1173 necne
2361 1124 2632 1172 nuceram

332 1218 444 1256 non
489 1202 624 1256 satis
667 1208 914 1268 constat3
960 1200 1212 1273 quoniam
1256 1201 1310 1256 in
1357 1208 1538 1255 vetere
1583 1199 1722 1256 libro
1770 1199 1976 1255 ”ousae
2022 1199 2125 1255 suit
2173 1199 2472 1257 Caecilius,

507 1302 563 1358 7.
640 1300 857 1357 Homeri
902 1317 1090 1357 versus
1135 1297 1263 1358 sunt
1307 1301 1364 1357 ll.
1413 1301 1478 1374 ll,
1523 1301 1670 1374 489,
1718 1303 1800 1360 90

590 1421 726 1486 οὐδ’
772 1425 836 1487 εἴ
870 1447 969 1503 μοι
1009 1422 1153 1488 δέκα
1191 1424 1303 1505 μὲν
1339 1427 1632 1506 γλῶσσαι,
1675 1427 1821 1488 δέκα
1865 1424 1933 1488 δὲ
1972 1420 2210 1505 στόματ’
2259 1420 2411 1506 εἶεν,

589 1509 766 1590 φωνὴ
807 1507 869 1570 δ’
912 1508 1232 1592 ἄρρηκτος,
1273 1513 1525 1590 χάλκεον
1565 1505 1636 1572 δέ
1673 1534 1772 1590 μοι
1810 1505 1953 1592 ἦτορ
1996 1510 2172 1590 ἐνείη.

330 1663 574 1710 ceterum
619 1618 887 1709 simillima
931 1662 1060 1718 sunt
1106 1651 1252 1708 Furii
1297 1671 1432 1729 quae
1478 1654 1740 1728 leguntur
1782 1673 1868 1728 ap.
1916 1653 2071 1711 Macr.
2118 1653 2203 1725 Vl,
2249 1654 2310 1727 3,
2343 1654 2379 1712 6
2425 1672 2538 1712 non
2583 1659 2635 1712 si

332 1741 472 1796 wilei
510 1741 748 1812 linquae
792 1746 1022 1795 centum
1066 1745 1241 1811 atque
1285 1757 1393 1794 ora
1438 1743 1586 1796 siem
1630 1741 1857 1797 totidem
1901 1756 2183 1813 vocesque
2224 1742 2499 1812 liquatae.
2549 1771 2626 1780 —

331 1824 444 1881 salli
499 1831 681 1879 autem
739 1824 832 1896 qui
887 1832 1197 1879 statuerunt
1254 1822 1548 1897 Vergilium
1603 1826 1836 1898 primum
1889 1823 2149 1880 adiectivo
2209 1840 2421 1882 aereus
2474 1841 2629 1880 usum

332 1916 556 1983 apparet
604 1908 708 1963 hoc
752 1907 906 1972 loco:
965 1924 1066 1963 nec
1109 1911 1286 1963 minus
1333 1908 1584 1964 Varronis
1630 1909 1807 1967 verbis
1850 1926 1989 1982 ¹quae
2032 1909 2141 1983 leg.
2188 1927 2272 1983 ap.
2321 1909 2457 1965 Non.
2509 1909 2628 1966 179

330 2012 374 2050 s.
422 2012 473 2050 v.
525 2001 665 2049 terta
710 2008 890 2048 aerea
937 2001 1088 2049 terea
1143 1997 1282 2051 nitet
1333 1995 1535 2066 yalem
1585 1992 1682 2049 ‘ubi
1727 1994 1863 2051 male
1908 1993 1945 2048 L
1996 1995 2026 2049 1
2088 2010 2252 2050 area.
2338 1993 2435 2049 sed
2486 1997 2628 2050 enim

333 2077 506 2151 multo
552 2079 656 2132 iam
704 2080 857 2151 prius
901 2077 1161 2134 Caecilius
1206 2095 1289 2151 ap.
1339 2078 1501 2134 eund.
1552 2077 1672 2134 134
1717 2097 1760 2134 s.
1795 2097 1843 2134 v.
1892 2078 2080 2134 licitari
2126 2082 2263 2152 quin
2307 2079 2628 2135 machaera

332 2165 556 2220 lie-icari
596 2164 902 2220 adversum
948 2178 1185 2219 aereum
1231 2166 1453 2234 coepsti
1494 2165 1685 2219 sciens
1697 2188 1713 2227 ‚-
1771 2181 1891 2219 nam
1937 2163 2066 2219 illud
2113 2165 2374 2220 aheneus
2414 2180 2629 2238 semper

334 2257 597 2320 quattuor
640 2247 862 2320 syllabis
908 2246 1235 2304 efferendum
1280 2248 1383 2303 etsi
1440 2246 1640 2303 frustra
1684 2258 1975 2304 monentur
2021 2248 2265 2322 plerique
2309 2250 2402 2321 qui
2446 2259 2629 2323 poeta-

334 2350 453 2388 rum
498 2332 670 2388 edunt
713 2330 905 2403 libroS,
949 2340 1126 2388 tamen
1170 2348 1257 2387 res
1302 2331 1441 2388 baud
1488 2331 1667 2399 dubia.

285 2408 294 2419 ³
505 2417 608 2476 12.
682 2417 749 2472 ad
804 2416 938 2472 illud
988 2421 1251 2490 p‘riorum
1309 2425 1498 2472 notant
1552 2417 1788 2473 scholia:
1845 2411 2016 2474 Lucili
2073 2426 2128 2474 et
2171 2428 2497 2475 ceterorum.
2550 2449 2625 2457 —

334 2511 578 2560 ceterum
639 2500 891 2558 lubenter
947 2503 1271 2558 assentimur
1327 2503 1455 2557 viris
1495 2502 1680 2559 doctis
1734 2504 1825 2576 qui
1864 2503 1953 2559 illa
2008 2501 2184 2560 ‘cuius
2239 2501 2371 2560 non'
2415 2520 2463 2573 e,
2501 2521 2555 2578 q.
2580 2521 2624 2560 s,

337 2587 542 2644 Lucilio
595 2587 874 2664 tribuunt,
934 2596 992 2643 ut
1038 2597 1212 2643 tamen
1256 2587 1466 2643 credam
1512 2590 1565 2643 in
1611 2587 1694 2643 bis
1739 2587 1939 2661 aliquid
1985 2588 2131 2662 quod
2189 2590 2345 2644 nimis
2402 2589 2631 2645 referret

337 2674 712 2747 antiquitatem
756 2670 820 2730 ab
865 2672 1111 2729 iuvenale
1155 2674 1449 2743 inversum,
1498 2682 1557 2728 ut
1602 2682 1731 2747 puta
1777 2672 2205 2747 monosyllabum
2251 2677 2432 2730 cuius,
2508 2690 2626 2728 nam

338 2757 559 2813 verbum
618 2759 805 2828 audeo
860 2756 1123 2831 dactylice
1180 2766 1238 2812 ut
1283 2756 1501 2813 ell'erret
1547 2756 1785 2813 Lucilius
1842 2756 1958 2814 lieri
2013 2758 2164 2813 nullo
2211 2758 2372 2814 modo
2419 2760 2626 2831 potuit;

334 2843 505 2899 cl..d.
556 2861 602 2898 r.
651 2859 721 2898 m.
771 2843 894 2900 336
924 2859 1007 2915 sq,

1237 3051 1403 3129 Magis
1448 3061 1718 3126 suspecta.

511 3202 567 3258 1.
644 3202 747 3257 boe
803 3201 1166 3274 fragmentum
1226 3200 1437 3274 quidam
1495 3200 1715 3273 Lucilii,
1759 3201 1849 3257 alii
1910 3200 2058 3256 Ennii
2116 3211 2418 3258 saturarum
2480 3200 2628 3257 libris

340 3286 595 3344 tribuere.
685 3286 783 3341 sed
829 3287 1030 3340 rectius
1075 3285 1286 3341 videtur
1331 3285 1650 3342 Ribbeckius
1698 3286 1842 3342 bunc
1887 3302 2101 3341 versum
2146 3284 2444 3341 adscribere
2474 3284 2630 3342 Pom-

336 3374 503 3446 ponio
548 3373 706 3427 cuius
751 3386 949 3426 nomeu
995 3371 1502 3443 praecedit3l1nius
1547 3372 1688 3426 enim
1737 3370 1891 3426 Atell
1884 3386 2029 3426 ιιι-ιιιι
2075 3369 2297 3464 Saturae
2343 3369 2504 3425 titulo
2550 3372 2628 3426 in·

336 3458 593 3531 scriptam
641 3456 722 3511 bis
768 3454 945 3510 adfert
988 3454 1305 3511 PriscianuS.

508 3541 565 3597 3.
639 3540 906 3597 sententia
974 3540 1167 3595 horum
1223 3539 1508 3596 verborum
1565 3539 1794 3595 obscura
1860 3541 1970 3595 sive
2036 3539 2219 3611 potius
2274 3536 2625 3595 subabsurda.

337 3644 457 3682 nam
502 3628 550 3682 si
595 3627 856 3682 cadaver
898 3623 1097 3680 dicitur
1139 3642 1237 3698 per
1279 3626 1584 3681 irrisionem
1629 3625 1845 3698 quidam
1878 3624 2040 3680 bomo
2083 3624 2230 3679 vivus
2259 3622 2487 3696 Lucilio,
2532 3641 2630 3680 cur

337 3712 578 3768 additum
623 3710 756 3766 illud
801 3712 1089 3780 capulare
1149 3711 1181 3764 1.
1229 3726 1278 3766 e.
1336 3718 1536 3781 aptum
1591 3713 1802 3765 morti?
1857 3725 2055 3784 'quare
2109 3724 2230 3764 cum
2288 3710 2630 3764 inveniantur

337 3796 479 3871 apud
510 3796 881 3870 Fulgentiutn,
915 3795 1184 3851 bominem
1215 3795 1657 3868 nugacissimum,
1690 3810 1751 3849 ea
1781 3793 1924 3849 inter
1953 3791 2144 3849 dubiae
2178 3792 2299 3849 fidei
2330 3793 2628 3868 fragmenta

332 3882 542 3937 referre
587 3883 760 3937 tutius
806 3881 994 3935 visum.

508 3965 567 4022 6.
642 3966 772 4021 baec
815 3981 938 4020 cum
981 3964 1125 4038 apud
1154 3963 1461 4021 Lucretium
1509 3979 1684 4036 neque
1722 3963 2064 4038 reperiantur
2111 3979 2286 4037 neque
2331 3980 2493 4036 posse
2538 3980 2628 4018 ex·

336 4061 450 4107 tare
496 4051 779 4107 videantur
821 4049 1019 4123 (neque
1066 4051 1286 4105 omnino
1334 4066 1495 4104 nasus
1541 4051 1652 4104 sive
1701 4066 1886 4104 nasum
1933 4050 1984 4104 in
2030 4050 2146 4104 eius
2192 4047 2338 4103 libris
2381 4046 2627 4122 legitur),

337 4138 494 4193 luere
537 4128 631 4209 qui
675 4135 961 4190 crederent
991 4133 1178 4190 Lucilii
1225 4150 1419 4189 nomen
1466 4149 1585 4189 esse
1621 4133 2078 4189 substituemlum.
2154 4142 2209 4187 et
2256 4132 2379 4187 licet
2411 4131 2626 4205 quidem

335 4238 530 4278 versus
575 4239 684 4277 non
729 4221 885 4275 nimis
930 4236 1059 4274 sane
1103 4218 1368 4293 elegantis
1413 4219 1647 4291 speciem
1695 4219 2075 4273 reconcinnare
2122 4219 2221 4271 ita:

596 4376 782 4415 nasum
828 4358 1097 4413 diductius
1145 4358 1305 4431 paulo
1351 4372 1507 4428 quan]
1553 4356 1771 4429 paudiu’
1820 4355 2042 4427 vellem3
