3267 5075
923 421 932 431 ⁸
1007 344 1247 405 DUBIA.
1331 346 1558 405 MAGIS
1598 344 1982 405 snsPEc'rA.
2294 392 2297 395 .
2444 358 2454 366 ·
2509 343 2639 413 287

352 517 603 587 haustae3
649 526 872 592 apparet
900 525 1049 574 certe
1088 512 1248 573 verba
1292 535 1429 592 quae
1474 527 1735 575 secuntur
1763 535 1883 574 esse
1914 513 2199 592 oratoris)·
2245 520 2472 575 videres
2500 520 2647 575 alios

352 610 596 659 ructare
641 619 716 658 ac
758 612 1044 673 respuere
1080 603 1480 674 pulcherrima
1526 604 1823 675 superbiaa

522 686 581 742 5.
658 686 709 742 id
756 687 901 760 quod
948 686 1034 743 ed.
1081 704 1162 760 pr.
1209 686 1366 743 Cbar.
1412 687 1701 744 exhibetur
1742 691 2001 761 iuyerum
2059 697 2117 743 ut
2163 653 2419 743 abhorret
2462 705 2490 743 a
2541 696 2645 743 tra·

349 772 500 843 ditis,
546 774 619 827 ita
665 787 731 826 ne
777 787 873 845 per
914 787 974 826 se
1020 770 1236 845 quidem
1269 771 1428 828 babet
1458 771 1658 828 locum.
1736 788 1856 828 nam
1878 771 2114 828 debebat
2144 782 2292 828 certe
2323 782 2443 828 esse
2486 774 2643 845 ἐκρε-

347 872 565 927 reram,
601 855 760 930 -quod
805 855 1195 912 commendavit
1238 855 1607 913 Lacbmaunus
1651 873 1845 913 comm.
1880 856 2038 913 Lucr.
2072 856 2214 914 363.
2292 857 2418 913 mibi
2468 866 2644 913 tamen

345 958 447 998 cur
490 949 759 998 nater-am
802 940 1001 995 dixisse
1046 957 1241 1015 negem
1298 950 1576 997 auctorem
1633 944 1959 1015 quicumque
2015 941 2118 997 l'uit
2179 959 2288 997 uon
2334 949 2641 1015 comparet;

345 1043 468 1082 nam
513 1035 576 1081 ut
621 1041 813 1100 saepe,
870 1026 944 1081 ita
989 1025 1403 1099 haudquaquam
1425 1042 1662 1100 ,semper
1713 1028 1871 1082 metri
1914 1027 2236 1081 necessitate
2277 1025 2491 1082 adducti
2534 1026 2644 1081 sor-

345 1128 459 1166 mas
505 1109 794 1166 verborum
840 1119 1112 1165 noverunt
1155 1119 1348 1183 poetae
1395 1119 1621 1167 veteres
1697 1110 1791 1166 sed
1824 1108 2011 1166 Lucilii
2055 1112 2128 1166 sit
2174 1127 2343 1167 necne
2373 1120 2643 1167 naleram

343 1212 458 1252 nou
502 1196 636 1251 satis
679 1203 925 1264 constat;
971 1196 1222 1268 quoniam
1267 1196 1322 1250 in
1367 1204 1549 1251 vetere
1593 1195 1733 1251 libro
1781 1194 1987 1250 ”ousae
2034 1196 2136 1250 suit
2183 1194 2483 1252 Caecilius,

521 1297 577 1352 7.
653 1294 870 1352 Homeri
914 1312 1102 1352 versus
1146 1293 1274 1353 sunt
1317 1295 1375 1353 ll.
1425 1297 1489 1370 lt,
1533 1296 1682 1370 489,
1729 1299 1811 1356 90

603 1416 737 1481 οὐδ’
783 1420 848 1481 εἴ
881 1442 980 1498 μοι
1020 1418 1165 1482 δέκα
1202 1419 1314 1500 μὲν
1350 1422 1646 1519 γλωσσαι,
1686 1422 1833 1484 δέκα
1876 1419 1944 1483 δὲ
1983 1415 2221 1500 στόματ’
2269 1415 2422 1502 εἷεν,

602 1504 777 1585 φωνὴ
819 1501 880 1564 δ’
922 1504 1243 1587 ἄρρηκτος,
1284 1509 1536 1585 χάλκεον
1576 1499 1646 1567 δέ
1685 1529 1784 1586 μοι
1821 1500 1964 1588 ἦτορ
2007 1506 2183 1585 ἐνείη.

341 1657 587 1705 ceterum
631 1647 899 1704 simillima
942 1657 1071 1713 sunt
1117 1647 1262 1704 Furii
1307 1666 1443 1722 quae
1490 1648 1751 1723 leguntur
1794 1669 1879 1724 ap.
1927 1649 2082 1706 Macr.
2128 1649 2215 1722 Vl,
2260 1650 2320 1723 3,
2354 1650 2390 1707 6
2436 1668 2548 1708 non
2594 1655 2646 1708 si

343 1734 486 1790 wilzi
525 1736 760 1806 linquae
803 1740 1033 1790 centum
1077 1741 1252 1807 atque
1296 1752 1404 1790 ora
1449 1738 1596 1792 sient
1641 1737 1868 1792 tolidem
1912 1751 2194 1808 vocesque
2235 1737 2511 1808 liquatae.
2561 1766 2636 1775 —

343 1818 457 1875 salli
513 1827 693 1873 autem
750 1819 844 1890 qui
898 1826 1209 1874 statuerunt
1264 1818 1557 1893 Vergilium
1615 1822 1846 1894 primum
1900 1819 2160 1876 adiectivo
2220 1836 2432 1877 aereas
2484 1837 2640 1876 usum

343 1911 570 1977 apparet
615 1903 721 1957 hoc
764 1900 917 1967 loco:
976 1920 1077 1959 nec
1120 1906 1296 1959 minus
1344 1903 1595 1960 Varronis
1641 1904 1818 1963 verbis
1864 1921 2000 1978 quae
2042 1904 2151 1979 leg.
2199 1922 2283 1979 ap.
2332 1904 2468 1960 Non.
2520 1905 2638 1962 179

342 2006 386 2044 s.
437 2006 487 2044 v.
538 1995 677 2043 terta
722 2003 902 2043 aerea
948 1995 1098 2044 terta
1153 1991 1293 2045 nitet
1343 1991 1546 2061 yalea3
1596 1986 1693 2045 ‘ubi
1737 1989 1874 2046 male
1918 1988 1956 2044 L
2007 1989 2038 2044 1
2098 2006 2262 2046 area.
2349 1989 2445 2045 sed
2497 1992 2639 2046 euim

345 2072 521 2146 multo
565 2073 668 2127 iam
715 2075 869 2145 prius
912 2072 1172 2129 Caecilius
1217 2090 1300 2147 ap.
1349 2073 1512 2130 eund.
1562 2073 1682 2130 134
1728 2092 1770 2130 s,
1805 2092 1854 2130 v.
1903 2074 2091 2130 licitari
2137 2078 2274 2148 quin
2318 2076 2639 2133 machaera

343 2159 569 2214 lic-itari
608 2158 913 2214 adversam
959 2172 1196 2214 aereum
1241 2162 1463 2229 coepsti
1504 2161 1724 2223 sciens,·
1781 2176 1902 2215 nam
1947 2159 2077 2215 illud
2124 2160 2385 2217 aheneus
2425 2176 2640 2233 semper

345 2250 610 2315 quattuor
652 2240 873 2315 syllabis
919 2241 1246 2298 efferendum
1291 2243 1392 2298 etsi
1451 2241 1651 2299 frustra
1697 2253 1986 2299 monentur
2032 2244 2275 2318 plerique
2320 2246 2413 2317 qui
2457 2254 2640 2319 poeta-

295 2404 304 2413 ·
344 2343 466 2382 rum
512 2326 682 2382 edunt
726 2325 916 2399 libros,
959 2336 1137 2384 tamen
1181 2344 1268 2382 res
1311 2326 1453 2383 baud
1498 2326 1678 2393 dubia.

519 2411 621 2471 12.
696 2411 761 2466 ad
816 2411 949 2467 illud
998 2415 1261 2484 priorum
1319 2420 1509 2468 notant
1563 2411 1798 2469 scholia:
1855 2407 2027 2470 Lucili
2084 2423 2139 2470 et
2181 2424 2508 2471 ceterorum.
2561 2445 2636 2453 —-

346 2506 591 2554 ceterum
650 2494 902 2553 lubenter
958 2499 1281 2554 assentimur
1337 2498 1466 2553 viris
1515 2497 1691 2554 doctis
1744 2499 1837 2572 qui
1875 2499 1963 2556 illa
2020 2497 2196 2556 ‘cuius
2248 2497 2382 2555 uon’
2425 2516 2474 2568 e.
2511 2517 2565 2573 q.
2590 2517 2635 2556 s.

348 2582 554 2638 Lucilio
609 2582 886 2659 tribuunt,
943 2593 1003 2638 ut
1048 2592 1223 2638 tamen
1267 2582 1477 2639 credam
1523 2585 1575 2639 in
1622 2584 1705 2639 bis
1750 2583 1950 2657 aliquid
1996 2584 2141 2658 quod
2200 2586 2355 2640 nimis
2411 2585 2641 2641 referret

348 2668 722 2741 antiquitatem
768 2665 831 2726 ab
877 2667 1122 2723 luvenale
1165 2669 1459 2738 inversum,
1509 2678 1567 2723 ut
1612 2677 1743 2743 puta
1788 2668 2215 2743 monosyllabum
2261 2673 2442 2726 cuiuS.
2519 2686 2636 2724 nam

350 2752 572 2808 verbum
631 2754 816 2822 audeo
871 2751 1134 2826 dactylice
1190 2760 1249 2808 ut
1294 2753 1512 2808 ell'erret
1557 2751 1796 2809 Lucilius
1854 2752 1968 2810 lieri
2025 2753 2174 2809 nullo
2222 2754 2382 2809 modo
2429 2755 2636 2828 potuit;

346 2837 520 2894 end.
570 2855 614 2892 r.
664 2853 732 2892 m.
782 2837 904 2895 336
935 2855 1018 2911 sq,

1248 3047 1413 3123 Magis
1458 3057 1729 3122 suspecta.

524 3197 581 3252 1.
656 3196 759 3251 boc
816 3196 1176 3269 fragmentum
1236 3195 1447 3270 quidam
1505 3195 1724 3268 Lucilii,
1769 3198 1858 3253 alii
1919 3195 2069 3252 Ennii
2126 3206 2428 3256 saturarum
2489 3196 2638 3253 libris

353 3280 608 3338 tribuere.
698 3280 794 3336 sed
840 3282 1039 3336 rectius
1085 3281 1296 3336 videtur
1341 3280 1659 3337 Ribbeckius
1706 3281 1851 3337 hunc
1896 3298 2109 3337 versum
2156 3280 2454 3337 adscribere
2484 3280 2640 3338 Pom-

349 3368 517 3441 ponio
561 3367 717 3421 cuius
762 3380 959 3420 nomeu
1004 3365 1512 3439 praecedit3l1uius
1557 3368 1699 3422 enim
1747 3366 1902 3422 Atell
1893 3383 2039 3421 mam
2086 3366 2308 3460 Saturae
2354 3365 2514 3421 titulo
2561 3368 2638 3422 in-

349 3453 606 3525 scriptam
653 3449 733 3506 bis
779 3449 955 3505 adfert
997 3449 1316 3506 Priscianus,

521 3535 578 3592 3.
651 3535 916 3591 sententia
985 3534 1178 3590 horum
1234 3533 1517 3591 verborum
1575 3535 1803 3592 obscura
1870 3537 1981 3590 sive
2047 3535 2229 3608 potius
2285 3532 2636 3592 subabsurda.

351 3639 469 3677 nam
515 3622 562 3676 si
607 3621 867 3677 cadaver
910 3618 1107 3674 dicitur
1151 3637 1246 3694 per
1289 3621 1594 3676 irrisionem
1640 3620 1855 3693 quidam
1889 3620 2050 3675 bomo
2094 3620 2240 3675 vivus
2270 3618 2517 3693 Lucilio,-
2542 3638 2640 3676 cur

352 3706 590 3762 additum
634 3704 767 3761 illud
812 3705 1099 3776 capulare
1159 3706 1191 3760 i.
1239 3722 1288 3760 e.
1346 3712 1546 3777 aptum
1602 3709 1812 3761 morli?
1898 3721 2064 3777 quare
2119 3721 2241 3760 cum
2298 3706 2640 3761 inveniantur

353 3791 490 3866 apud
521 3790 891 3865 Fulgentium,
925 3790 1194 3845 hominem
1226 3790 1667 3863 nugacissimum,
1700 3806 1760 3845 ea
1791 3789 1935 3845 iuter
1963 3788 2155 3845 dubiae
2187 3789 2308 3846 lidei
2342 3789 2639 3864 fragmenta

348 3875 553 3931 referre
599 3877 771 3931 tutius
815 3875 1004 3930 visum.
1185 3935 1188 3938 Δ
1579 3937 1582 3940 Α

519 3960 579 4017 6.
654 3960 782 4016 baec
825 3976 947 4015 cum
991 3959 1134 4034 apud
1164 3958 1471 4016 Lucretium
1519 3976 1694 4033 neque
1733 3959 2075 4035 reperiantur
2122 3976 2296 4032 neque
2342 3976 2503 4033 posse
2549 3977 2639 4015 ex-

354 4054 463 4101 tare
507 4044 790 4101 videantur
831 4044 1029 4118 (neque
1076 4046 1295 4101 omnino
1343 4062 1505 4099 nasus
1551 4047 1664 4100 sive
1709 4061 1895 4101 nasum
1943 4047 1994 4100 iu
2040 4046 2156 4101 eius
2204 4042 2349 4099 libris
2390 4043 2637 4119 legitur),

354 4130 504 4186 luere
548 4122 641 4203 qui
687 4130 970 4185 crederent
1000 4129 1188 4186 Lucilii
1234 4145 1428 4185 nomen
1476 4146 1595 4185 esse
1632 4128 2087 4185 substituemlum.
2163 4137 2219 4183 et
2265 4129 2388 4184 licet
2421 4128 2636 4201 quidem

355 4232 539 4270 versus
586 4232 696 4270 non
740 4215 894 4270 nimis
940 4231 1067 4269 sane
1113 4214 1378 4288 elegantis
1423 4216 1658 4287 speciem
1705 4215 2085 4269 reconcinnare
2132 4215 2230 4268 ita:

606 4370 792 4409 nasum
838 4352 1107 4408 diductius
1155 4352 1315 4427 paulo
1362 4369 1518 4425 quam
1565 4351 1781 4426 paudiu'
1829 4351 2051 4423 vellem3
