3267 5075
547 301 586 364 8
1529 294 1749 350 LIBER
1783 295 1850 348 Π.

1540 457 1638 522 VI
1684 457 1778 539 [4]
1808 456 1842 520 f

705 551 1093 641 ’iniuriamm
1122 573 1309 660 ‘hunc
1355 574 1424 638 in
1467 573 1685 637 fauces
1731 572 1988 638 invasse
2036 569 2444 654 animamque

592 695 675 760 10
720 693 964 758 elisisse
1010 691 1123 755 illi.

1201 907 1209 915 .
1517 802 1646 868 VII
1694 804 1789 883 [1]
1822 822 1866 886 g

722 925 916 1008 quom'
963 922 1093 987 illic
1137 921 1451 986 vidissenf,
1494 915 1865 985 Hortensiu’
1911 915 2434 1001 Posizumiusque‚

722 1039 915 1103 ceteri
960 1039 1142 1122 item,
1187 1038 1257 1101 in
1302 1037 1530 1121 capulo
1575 1034 1748 1098 hunc
1794 1054 1927 1098 non
1974 1053 2112 1096 esse
2161 1031 2482 1115 aliumque
2529 1029 2784 1095 cubare.
2863 1073 2882 1078 -

1265 1136 1278 1147 ⁶
1408 1148 1571 1216 VIH
1616 1147 1792 1232 [IIII,
1839 1147 1907 1229 3]
1939 1170 1978 1212 a
2827 1137 2844 1144 ”

722 1291 878 1333 nam
924 1268 1077 1352 quid
1122 1266 1409 1332 Moetino
1457 1266 1882 1349 submotoque
1927 1262 2078 1327 huic
2125 1260 2268 1346 opu'
2316 1261 2536 1347 signo,

724 1386 797 1447 ut
840 1384 1196 1447 lurcaretur
1239 1383 1491 1448 lardum
1538 1385 1604 1446 et
1648 1380 1941 1446 carnaria
1984 1377 2206 1443 farfim

599 1497 682 1564 15
728 1498 1111 1564 conficeret?

1512 1609 1608 1676 IX
1655 1612 1795 1693 [16]
1825 1611 1868 1675 b

727 1732 868 1795 tum
913 1728 1118 1795 farcto
1166 1729 1384 1795 omnia
1430 1730 1583 1794 suni,
1627 1728 1875 1796 circum
1914 1727 2050 1791 lata
2119 1773 2376 1796 „„„„„

1533 1842 1596 1907 X
1644 1843 1785 1925 [21]
1816 1866 1850 1908 c

727 2007 1267 2032 eeeeeeeeee
1314 1958 1608 2025 lustrabu'
1655 1959 1887 2043 piatus

1579 2074 1674 2139 XI
1722 2076 1817 2156 [2]

730 2251 767 2260 -
789 2238 825 2258 ψ
847 2209 1266 2260 „mec-ee..
1310 2189 1611 2258 Hostiliu'
1659 2193 1886 2257 contra

731 2307 978 2391 pestem
1022 2305 1509 2391 permitiemque
1556 2309 1743 2373 cassax
1789 2329 1983 2391 quam
2039 2309 2105 2370 et
2147 2303 2385 2370 Maniu’
2432 2304 2674 2369 nobeis.

555 2493 774 2546 duint:
804 2492 912 2558 qui
935 2491 1146 2542 utinam
1170 2496 1255 2544 est
1280 2497 1341 2543 ut
1365 2491 1686 2544 Lucilius
1708 2492 1767 2542 in
1794 2492 2043 2547 secundo,
2122 2492 2201 2543 VI
2222 2492 2362 2543 Non.
2381 2494 2497 2557 291,
2525 2495 2589 2544 27
2608 2491 2866 2544 elidere

555 2563 720 2613 etiam
755 2559 1036 2611 excludere
1073 2559 1366 2626 significat,
1439 2561 1714 2625 Vergilius
1740 2588 1803 2596 —
1828 2561 2061 2612 Plautus
2097 2588 2164 2597 —-·
2199 2561 2244 2610 L
2257 2561 2470 2611 uciliu
2483 2577 2509 2613 s
2548 2565 2864 2624 satyrarum

555 2630 649 2680 lib.
667 2630 738 2679 11.
827 2627 932 2678 VII
964 2627 1105 2678 Non.
1126 2630 1175 2690 4,
1194 2631 1262 2680 20
1286 2629 1590 2694 capulum
1613 2629 1815 2679 dicitur
1841 2629 1969 2694 quid
2008 2628 2101 2678 uid
2124 2629 2364 2694 aliquam
2387 2644 2498 2679 rem
2522 2629 2671 2679 intra
2693 2645 2750 2680 se
2770 2645 2863 2680 ca-

555 2699 663 2764 pit:
702 2712 827 2747 nam
852 2695 1253 2761 sarcophagum
1276 2697 1333 2746 id
1358 2701 1444 2748 est
1470 2694 1818 2762 sepulchrum
1844 2711 1985 2763 capu
2007 2713 2094 2747 um
2119 2697 2227 2747 dici
2250 2703 2469 2748 veteres
2494 2696 2864 2764 volunt,quod

559 2780 789 2830 corpora
825 2763 1024 2829 capiat.
1069 2763 1298 2815 Plautus
1329 2791 1383 2799 -
1412 2765 1554 2815 idem
1578 2785 1645 2793 -
1671 2765 1881 2816 Novius
1906 2791 1973 2800 —-
1997 2764 2302 2815 Lucilius
2327 2769 2634 2828 satyrarum
2658 2764 2752 2819 lib.
2782 2766 2863 2818 11.

659 2832 796 2883 VIII
829 2831 972 2882 Non.
1001 2833 1081 2895 10,
1104 2835 1167 2883 31
1195 2831 1502 2883 lurcones
1528 2829 1925 2896 (lurchones
1951 2830 2158 2897 Bamb.)
2182 2832 2316 2883 dicti
2339 2847 2373 2882 a
2395 2832 2721 2884 lurchando=
2748 2832 2863 2884 lm·-

556 2901 716 2951 chare
751 2904 836 2951 est
860 2914 981 2949 cum
1005 2898 1268 2951 aviditate
1305 2899 1485 2951 cibum
1520 2914 1743 2956 sumere.
1814 2900 2082 2951 Luciliu
2095 2915 2121 2950 s
2152 2907 2463 2963 satyrarum
2498 2899 2589 2951 lib.
2613 2901 2683 2952 11.
2777 2901 2864 2952 IX

553 2968 693 3024 Non.
713 2970 830 3029 261,
851 2968 916 3017 26
938 2967 1368 3018 circumferre
1387 2973 1472 3020 est
1489 2969 1709 3034 proprie
1725 2968 1979 3024 lustrare.
2013 2969 2059 3018 L
2074 2967 2325 3019 ucilius
2344 2972 2652 3032 satyrarum
2670 2967 2766 3023 lib.
2789 2969 2863 3025 11.

623 3038 674 3086 X
699 3037 838 3086 Non.
858 3037 974 3093 335,
997 3038 1059 3086 12
1081 3035 1148 3086 lu
1161 3039 1378 3087 strare
1398 3036 1636 3102 expiare.
1670 3035 1947 3101 Vergilius
1960 3062 2019 3072 —
2036 3036 2342 3088 Lucilius
2362 3042 2670 3101 satyrarum
2688 3035 2782 3091 lib.
2801 3039 2863 3088 11

2591 3131 2622 3161 a
2648 3132 2707 3160 m.
2737 3120 2763 3158 2

563 3171 710 3237 (VB,
737 3169 911 3235 Gen.).
980 3170 1060 3220 XI
1082 3171 1220 3222 Non.
1239 3173 1324 3234 25,
1347 3173 1410 3222 18
1441 3175 1636 3222 catax
1659 3171 1876 3236 dicitur,
1895 3187 2047 3238 quem
2068 3186 2213 3222 nunc
2231 3187 2492 3223 coxonem
2517 3170 2664 3237 (cox
2679 3187 2864 3224 onem

559 3243 606 3292 L
646 3239 698 3305 1)
737 3243 952 3291 vocant.
1022 3239 1293 3290 Luciliu
1307 3254 1332 3290 s
1369 3245 1675 3306 satyrarum
1709 3240 1850 3291 libro
1888 3238 2030 3305 (add.
2071 3242 2117 3290 L
2158 3243 2214 3304 1,
2253 3256 2353 3292 om.
2391 3240 2459 3306 G)
2505 3240 2577 3292 11.
2615 3267 2679 3276 —
2712 3239 2866 3291 idem

558 3362 678 3425 218,
715 3362 780 3411 32
816 3359 1166 3424 permities
1206 3323 1528 3424 (permitsssln'
1555 3324 1580 3364 ²
1607 3361 1655 3410 L
1698 3362 1743 3423 1,
1782 3338 2041 3426 pernities
2077 3377 2146 3415 m.
2181 3362 2211 3409 2
2246 3358 2315 3426 G)
2352 3360 2562 3425 generis
2597 3358 2866 3412 feminini.

732 3538 768 3595 9
812 3538 1159 3603 iniuriatum;
1205 3542 1287 3595 ita
1334 3539 1428 3610 B,·
1456 3538 1520 3611 G,
1569 3539 1616 3594 L
1651 3540 1705 3594 1.
1864 3538 1941 3597 10
1986 3539 2146 3596 elisse
2191 3540 2260 3596 B.
2417 3540 2490 3596 11
2541 3556 2706 3614 quom
2748 3538 2866 3597 illic

560 3624 640 3693 M,
691 3639 851 3697 quem
897 3623 976 3678 illi
1009 3640 1130 3680 cum
1178 3622 1461 3697 (sequitur
1490 3619 1547 3702 u)
1598 3624 1662 3694 G,
1698 3624 1923 3693 Bamb-,
1958 3625 2006 3681 L
2040 3624 2095 3697 1,
2141 3625 2188 3680 L
2220 3623 2287 3700 23
2339 3625 2386 3683 G
2432 3641 2593 3699 quem
2626 3626 2867 3682 exhibet

562 3727 633 3765 m.
687 3708 716 3763 1
769 3708 1021 3765 additum
1068 3715 1204 3765 ante
1246 3708 1325 3765 illi
1369 3713 1429 3766 in
1475 3710 1754 3783 maryine.
1934 3709 2010 3766 13
2056 3708 2423 3785 subrectoque
2466 3710 2538 3780 D,
2586 3708 2864 3765 subiecto-

563 3809 668 3867 que
710 3793 860 3849 libri.
1036 3793 1116 3849 14
1162 3793 1464 3851 lurcaretur
1510 3813 1582 3865 v.,
1630 3792 1973 3867 lurcharetur
2017 3795 2142 3850 cdd.
2188 3824 2272 3834 —-
2313 3802 2447 3867 post
2475 3793 2656 3850 fartim
2687 3793 2870 3868 (quod

559 3896 631 3934 m.
682 3875 718 3932 2
763 3892 948 3950 supra
995 3894 1111 3936 scr.
1159 3882 1219 3935 in
1263 3880 1311 3935 L
1358 3876 1421 3954 1)
1467 3881 1600 3936 add.
1646 3895 1835 3952 parum
1882 3880 1946 3950 G,
1994 3880 2041 3935 L
2075 3879 2141 3948 13
2187 3897 2292 3937 om.
2338 3880 2618 3952 Montep.,
2649 3880 2858 3936 Bamb.

560 3963 608 4019 L
639 3961 695 4017 2.
903 3962 980 4019 16
1028 3963 1198 4019 farcto
1244 3964 1313 4020 M
1325 3981 1338 4026 ;
1387 3963 1526 4021 sarto
1573 3965 1729 4034 Iun„
1777 3962 1918 4020 sacto
1967 3964 2030 4034 G,
2078 3963 2126 4019 L
2159 3964 2217 4037 1,
2263 3964 2401 4022 sacta
2448 3965 2610 4037 Gen„
2656 3965 2727 4020 B.
2780 3994 2858 4006 —

453 4052 458 4059 ”
558 4063 678 4103 sum
724 4048 798 4103 B.
843 4075 929 4087 —-
972 4049 1287 4104 circumlata
1331 4049 1554 4119 IuniuS,
1601 4050 1803 4105 circum
1848 4049 1990 4105 latus
2033 4050 2183 4106 libri.
2340 4043 2417 4108 18
2462 4049 2744 4120 Hostilius
2769 4051 2865 4106 ed.

560 4133 702 4189 Luc.
759 4133 971 4202 Turio„
1021 4132 1310 4189 hostilibus
1356 4136 1482 4191 cdd.
1617 4133 1694 4190 19
1739 4134 2150 4209 permiticmque
2195 4140 2439 4209 utroque
2480 4139 2519 4193 l.
2555 4134 2601 4192 L
2634 4133 2691 4208 1,
2735 4150 2862 4209 per-

563 4218 882 4291 miciemque
933 4222 1137 4291 priore
1184 4220 1258 4289 G,
1318 4228 1427 4276 cet.
1474 4221 1584 4277 vid.
1645 4227 1939 4277 comment,
1985 4249 2070 4260 —-
2113 4219 2315 4276 Manius
2360 4221 2427 4277 M
2462 4218 2578 4291 40,
2632 4218 2863 4276 Manlius

562 4320 615 4360 v.
668 4333 738 4342 —
792 4302 913 4360 218
959 4304 1152 4360 novius
1201 4304 1267 4377 G,
1313 4321 1487 4360 novus
1531 4306 1578 4363 L
1614 4305 1670 4377 1,
1714 4303 1870 4361 nobis
1916 4306 2043 4362 cdd.
2093 4303 2193 4363 25.
