3267 5075
704 443 836 507 294
1382 443 1834 498 TESTIMONIA
1872 443 1967 497 DE
2007 441 2314 497 LUCILIO.

706 629 966 667 sermone
1013 615 1196 682 tristi,
1256 611 1306 665 id
1354 620 1437 667 est
1489 627 1714 681 severo,
1759 612 1932 679 serio,
1993 611 2083 683 qui
2133 608 2218 664 ubi
2265 610 2451 664 iocoso
2496 615 2619 681 apte
2664 614 2750 663 est
2792 607 2973 661 mixtus

704 699 817 771 ipsa
870 698 1128 752 varietate
1173 695 1400 751 multum
1455 711 1583 751 sane
1627 694 1776 751 addit
1819 695 2051 750 orationi
2095 694 2315 768 leporiS.
2359 724 2445 734 -—-
2491 695 2664 749 vicem
2713 692 2974 752 rhetoris,-

705 798 832 838 sane
886 782 1169 837 rhetorum
1224 779 1572 837 artificiorum
1630 780 1807 835 minus
1862 778 2030 834 fuisse
2096 776 2398 834 studiosum
2452 776 2719 832 Lucilium
2776 782 2978 849 apparet

708 864 826 922 libri
842 863 901 920 ’V
932 865 1040 940 srg.
1077 866 1135 923 6.
1180 897 1261 906 —-
1309 872 1481 938 atque
1508 871 1717 936 poetae
1730 889 1746 927 ‚·
1790 864 1914 919 hinc
1945 862 2204 937 probatur
2234 863 2511 918 Horatium
2544 863 2762 917 minime
2792 861 2976 932 astipu-

708 951 870 1005 latum
917 967 1037 1006 esse
1082 953 1160 1007 eis
1206 951 1295 1023 qui
1342 957 1603 1023 negarent
1648 950 1846 1004 iustum
1894 964 2013 1004 esse
2044 964 2231 1020 poema
2260 955 2516 1019 saturam,
2561 945 2707 1002 unde
2748 952 2804 1000 et
2830 960 2974 1017 supra

706 1034 859 1106 «licit,
903 1037 948 1090 si
992 1035 1132 1090 sales
1166 1035 1273 1090 soli
1304 1032 1577 1090 sufficiant
1619 1033 1686 1088 ad
1717 1049 1908 1107 poema
1940 1031 2263 1103 faciendum,
2307 1032 2468 1088 licere
2498 1038 2553 1086 et
2584 1027 2775 1085 Laberi
2804 1030 2975 1084 mimos

709 1128 767 1174 ut
812 1119 1035 1193 pulchra
1081 1125 1328 1193 poemata
1373 1135 1473 1174 nos
1520 1119 1715 1173 mirari.
1760 1147 1845 1157 ——-
1899 1118 2183 1173 interdum
2227 1100 2471 1178 nrbabi;
2525 1116 2698 1189 igitur
2742 1114 2975 1169 Horatius

709 1211 871 1277 negat
915 1203 1028 1259 sola
1077 1203 1397 1275 urbanitate,
1443 1203 1546 1259 boc
1590 1209 1676 1258 est
1706 1202 2002 1258 imitatione
2044 1202 2310 1258 sermonis
2337 1201 2614 1256 bominum
2646 1198 2977 1266 urbanorum,

707 1304 811 1360 qna
858 1286 1148 1361 plurimum
1196 1287 1360 1344 valuit
1403 1286 1678 1357 Lucilius,
1735 1293 1971 1342 saturam
2027 1303 2189 1359 posse
2241 1294 2512 1342 constare.
2564 1316 2639 1324 ——
2692 1285 2980 1356 parcentis

709 1374 923 1427 viribus
966 1381 1097 1435 etc.;
1144 1371 1433 1446 exprobrat
1477 1370 1682 1427 Lucilio
1727 1387 1905 1444 neque
1947 1371 2216 1426 immerito
2249 1371 2486 1426 nescisse
2531 1385 2654 1425 eum
2686 1384 2893 1424 manum
2920 1365 2977 1421 de

710 1454 885 1511 tabula
934 1456 1145 1514 tollere.
1192 1488 1269 1496 —
1320 1456 1420 1514 14.
1471 1454 1563 1512 15.
1633 1457 1933 1512 ridiculum
1980 1458 2113 1511 acri
2152 1455 2371 1529 fortius
2415 1461 2468 1511 et
2513 1456 2716 1511 melius
2756 1466 2979 1526 maqnas

705 1542 1049 1614 plerumque
1103 1548 1266 1598 secat
1321 1557 1449 1605 res,·
1505 1544 1670 1611 acri,
1726 1542 1757 1595 i.
1804 1556 1854 1597 e.
1912 1557 2082 1613 qnam
2140 1554 2299 1597 acre.
2389 1540 2571 1612 itaque
2626 1544 2846 1612 apparet
2894 1536 2977 1589 mi·

709 1625 849 1680 nime
902 1624 1037 1681 illud
1092 1627 1300 1682 crimini
1357 1625 1475 1680 dari
1527 1623 1765 1696 Lucilio,
1829 1625 1977 1698 quod
2044 1626 2263 1685 nimium
2321 1623 2602 1698 gravitatis
2667 1624 2739 1678 sit
2792 1621 2978 1677 oblitus

711 1711 762 1764 in
830 1709 1187 1779 carminibns3
1261 1718 1317 1766 et
1387 1711 1674 1784 insurgere
1737 1725 1860 1764 eum
1918 1708 2188 1765 interdum
2246 1709 2407 1765 altius
2465 1725 2630 1782 supra
2688 1705 2977 1763 memoravi.

711 1793 857 1866 quod
919 1810 1040 1849 cum
1110 1796 1181 1850 ita
1241 1795 1344 1866 sit,
1411 1795 1588 1850 verius
1655 1792 2017 1849 incusabimus
2075 1793 2335 1849 Lucilium
2398 1792 2543 1868 quod
2594 1809 2721 1873 ‘non
2788 1805 2983 1862 semper

708 1883 833 1950 apte
887 1879 1180 1934 inseruerit
1237 1880 1390 1934 triste
1447 1884 1611 1952 atque
1655 1895 1778 1935 acre
1832 1880 2019 1935 iocoso
2064 1884 2121 1934 et
2174 1877 2434 1948 ridiculo,
2489 1894 2652 1951 quam
2697 1875 2838 1950 quod
2880 1891 2981 1930 om·
3084 1902 3091 1907 ·

711 1963 839 2018 nino
907 1979 1017 2019 non
1081 1962 1404 2019 adhibuerit.
1460 1991 1546 2003 —
1598 1961 1700 2020 20.
1761 1962 1859 2019 21.
1927 1970 1989 2019 at
2045 1980 2310 2035 maqnum
2369 1963 2551 2037 fecit,
2613 1962 2766 2035 q‘nod
2814 1960 2984 2018 verbis

706 2061 924 2119 qraecn
967 2050 1168 2103 latinis
1210 2049 1466 2110 miscuit,-
1508 2046 1829 2103 Graecarum
1863 2064 2051 2103 vocum
2082 2046 2490 2121 dictionumque
2535 2043 2764 2102 abusum
2806 2045 2980 2101 rectis·

705 2131 840 2184 sime
895 2129 1098 2186 Lucilio
1154 2130 1443 2204 exprobrat
1498 2129 1754 2201 Flaccus;
1813 2149 1935 2187 nam
1990 2132 2191 2188 frustra
2247 2130 2417 2187 fuisse
2473 2132 2567 2204 qui
2625 2130 2860 2187 dicerent
2900 2144 2979 2183 cas

710 2230 818 2269 non
865 2213 1128 2270 adhibitas
1172 2213 1237 2270 ab
1282 2215 1413 2287 illo,
1459 2217 1564 2271 nisi
1613 2222 1677 2271 ut
1720 2218 2052 2290 tragicorum
2096 2223 2379 2290 poetarum
2423 2215 2741 2272 Latinorum
2790 2213 2980 2270 affecta·

711 2298 912 2353 tionem
945 2300 1288 2372 graecanicae
1313 2299 1587 2355 doctrinae
1615 2300 1885 2372 irrideret,
1916 2301 2075 2375 plene
2098 2301 2202 2356 iam
2226 2299 2503 2374 apparebit
2530 2299 2772 2356 editione
2794 2305 2981 2354 nostra.

709 2380 956 2455 equidem
1001 2385 1183 2456 potius
1229 2385 1420 2457 partim
1480 2392 1537 2439 ut
1593 2385 1711 2458 ipse
1757 2393 2058 2441 ostentaret
2107 2385 2354 2459 peritiam
2380 2385 2729 2446 ,Graecorum
2773 2384 2979 2456 scripto·

709 2483 828 2521 rum
873 2483 974 2522 nec
1020 2468 1192 2523 minus
1238 2484 1426 2523 versus
1472 2468 1724 2542 explendi
1781 2469 1894 2524 dira
1940 2471 2262 2526 necessitate
2307 2468 2602 2525 adductum
2649 2470 2888 2525 existimo
2928 2474 2980 2521 ut

710 2552 1005 2625 ingenuum
1049 2569 1352 2609 sermonem
1383 2553 1609 2609 latinum
1642 2561 1748 2609 tam
1790 2571 1951 2629 saepe
1982 2557 2372 2611 contaminaret
2400 2556 2744 2628 interpositis
2774 2553 2979 2629 graecis.

708 2643 764 2689 et
808 2634 1088 2691 Horatium
1134 2637 1350 2710 quidem
1407 2655 1434 2692 a
1483 2635 1677 2693 talibus
1734 2655 1963 2712 prorsus
2020 2639 2344 2696 abstinuisse
2388 2646 2640 2710 constat,
2696 2656 2795 2695 nec
2843 2637 2982 2693 aliter

708 2719 972 2792 Persium,
1017 2720 1158 2795 apud
1204 2738 1363 2795 quem
1409 2723 1586 2777 minus
1631 2731 1780 2778 recte
1826 2723 2002 2780 fertur
2045 2724 2187 2799 prol.
2234 2724 2273 2781 8
2331 2729 2462 2798 qnis
2518 2726 2813 2796 expedivit
2858 2724 2981 2795 psit·

708 2811 840 2861 caco
885 2820 1049 2861 snum
1092 2807 1258 2881 χαῖρε
1302 2823 1402 2879 pro
1433 2806 1670 2879 chaere,
1716 2824 1825 2863 non
1858 2809 2078 2863 omnino
2110 2807 2431 2865 iuvenalem.
2480 2840 2567 2849 —
2611 2817 2848 2866 ceterum
2876 2807 2981 2862 lon·

708 2890 832 2962 gius
875 2906 1200 2963 progressus
1247 2890 1516 2946 Ausonius
1562 2890 1796 2947 sortasse
1839 2901 1895 2948 et
1940 2893 2058 2963 hic,
2107 2901 2167 2948 ut
2210 2893 2334 2949 alibi
2379 2895 2435 2949 in
2480 2895 2674 2965 tmesi,
2737 2910 2799 2960 ex
2843 2907 2978 2966 prava

708 2973 1005 3028 imitatione
1059 2971 1245 3029 Lucilii
1298 2990 1488 3048 parum
1556 2977 1765 3049 cogniti
1818 2977 1922 3049 ipsi
1977 2977 2209 3051 epistula
2265 2977 2355 3033 Xll
2411 2979 2648 3051 primum
2717 2975 2983 3052 proposuit

708 3056 1010 3130 exemplum
1057 3060 1235 3130 poesis
1281 3059 1662 3115 macaronicae.
1708 3091 1790 3099 —
1836 3060 1967 3117 nihil
2012 3068 2193 3118 autem
2238 3061 2304 3117 ad
2348 3061 2502 3133 illud,
2553 3052 2702 3136 quod
2750 3061 2980 3118 Horatius

710 3140 913 3195 Lucilio
960 3142 1122 3197 vertit
1164 3143 1405 3213 crimini,
1452 3145 1691 3216 pertinet
1736 3162 1853 3200 mos
1897 3146 2125 3201 satiricis
2169 3148 2375 3220 pariter
2418 3153 2585 3220 atque
2631 3148 2849 3203 comicis
2891 3144 2982 3199 sre-

709 3232 1020 3296 quentatus,
1066 3241 1225 3298 quem
1269 3227 1536 3281 sermonis
1580 3227 1831 3284 cotidiani
1878 3229 2106 3286 imitatio
2157 3232 2405 3305 peperit,
2463 3230 2726 3288 vocabula
2773 3228 2983 3287 externi·

709 3326 866 3383 gena,
912 3309 1007 3365 sed
1056 3309 1146 3365 illa
1190 3310 1458 3383 scriptura
1501 3309 1789 3367 verborum
1835 3322 1890 3369 et
1934 3311 2164 3371 flexione
2208 3314 2447 3370 finalium
2494 3315 2749 3389 adaptata
2795 3316 2870 3370 ori
2900 3312 2984 3367 La·

710 3394 845 3464 tino,
889 3394 1128 3450 inserere
1160 3394 1418 3449 versibus.
1451 3424 1531 3433 —
1574 3394 1678 3451 48.
1735 3399 2030 3454 inventore
2073 3403 2293 3463 minor,·
2336 3400 2409 3455 cl'.
2439 3399 2505 3471 ΙΙ,
2543 3401 2603 3471 1,
2636 3401 2753 3467 293
2800 3399 2867 3454 ib.
2900 3396 2985 3454 74.

710 3476 809 3533 75.
868 3508 950 3516 -
1007 3477 1106 3534 50.
1155 3479 1255 3534 51.
1322 3484 1383 3533 at
1437 3480 1566 3536 dixi
1611 3483 1801 3551 fluere
1843 3483 1999 3538 lanne
2051 3486 2428 3556 lutulentum,
2487 3500 2673 3557 saepe
2720 3484 2986 3557 ferentem

703 3564 880 3631 plura
927 3565 1148 3634 quidem
1193 3564 1440 3620 tollenda
1487 3566 1895 3637 relinquendis.
1978 3570 2221 3640 asperior
2266 3568 2443 3624 factus
2491 3577 2552 3624 ut
2597 3569 2887 3625 memoravi
2927 3564 2985 3620 ob

710 3644 965 3699 offensam
1013 3644 1264 3701 Horatius
1308 3648 1411 3702 iam
1455 3646 1687 3703 intendit
1733 3649 1879 3722 quod
1926 3650 2056 3706 olim
2101 3652 2429 3709 iudicaverat
2459 3670 2582 3710 esse
2630 3652 2779 3727 quod
2812 3652 2986 3709 tollere

711 3728 839 3781 velis
883 3728 937 3782 in
965 3726 1154 3784 Lucilii
1196 3728 1536 3785 carminibus.
1578 3762 1663 3771 —
1708 3732 1809 3788 52.
1858 3740 1918 3789 tn
1949 3736 2089 3791 nihil
2121 3740 2179 3791 in
2211 3755 2417 3810 maqno
2448 3740 2658 3794 doctus
2688 3738 2985 3810 reprehen-

707 3813 795 3867 dis
839 3811 1118 3870 Homero,-
1161 3828 1283 3867 cum
1329 3815 1420 3886 qui
1465 3814 1652 3870 Lucilii
1683 3817 1939 3888 quaedam
1971 3820 2294 3893 reprebendi
2339 3838 2505 3896 aegre
2539 3822 2651 3878 sert
2679 3822 2984 3896 alloquitur:

708 3896 772 3949 ab
805 3895 907 3950 boc
952 3903 1129 3949 tanuen
1173 3906 1226 3950 et
1268 3898 1389 3969 ipso
1425 3898 1641 3954 llomeri
1671 3909 1732 3955 ut
1761 3900 1990 3957 aliorum
2032 3913 2317 3977 poetarum
2349 3905 2685 3962 Graecorum
2717 3915 2875 3980 atque
2904 3904 2986 3959 La·

708 3982 944 4035 tinorum
989 3980 1135 4051 carpi
1180 3995 1341 4052 opera
1388 3988 1472 4035 sat
1513 3991 1746 4040 constat.
1791 4016 1875 4024 —
1919 3986 2021 4043 53.
2078 3996 2294 4052 mutan
2335 3990 2482 4045 idem
2528 3990 2647 4047 sere
2692 4009 2815 4047 esse
2856 3987 2984 4065 quod

706 4059 991 4140 qnpgodei,
1021 4065 1212 4118 addito
1244 4070 1345 4119 ant
1374 4072 1588 4121 mutato
1618 4069 1809 4141 aliquo
1840 4072 2118 4128 vocabulo
2147 4076 2205 4129 in
2238 4077 2422 4130 risum
2450 4076 2780 4151 detorquet,
2821 4080 2986 4131 monet

707 4148 1122 4220 Peerlkampius.
1157 4178 1238 4186 —
1268 4147 1366 4203 55.
1413 4164 1541 4203 cnm
1571 4151 1642 4205 de
1665 4167 1727 4206 se
1753 4154 2008 4225 loquitur
2036 4174 2151 4212 non
2178 4165 2240 4213 nt
2260 4161 2482 4215 maiore
2507 4165 2844 4232 reprensis,·
2871 4165 2983 4215 nota

705 4230 1021 4288 modestiam
1067 4230 1277 4304 Lucilii,
1321 4246 1481 4304 quam
1526 4237 1777 4310 agnoscit
1818 4238 1978 4293 etiam
2010 4239 2393 4315 Bernhardyus
2436 4243 2494 4300 h.
2528 4244 2565 4301 l.
2597 4245 2721 4301 Lat.
2753 4263 2844 4320 pg.
2876 4241 2983 4299 598

705 4315 791 4371 ed.
839 4314 943 4372 llll.
1015 4331 1210 4392 nempe
1516 4330 1641 4372 eum
1684 4318 1740 4373 in
1783 4321 2065 4394 carpendis
2098 4328 2282 4422 Acciri,
2329 4326 2503 4385 Ennio
2548 4328 2783 4403 aliisque
2827 4327 2985 4403 poetis
