3267 5075
646 387 779 451 270
1581 389 1801 442 LIBER
1836 388 2008 444 XXX.

650 573 756 612 non
802 571 939 629 opus
971 564 1075 627 cst,
1125 564 1182 610 ut
1212 553 1477 610 scribatur
1506 558 1768 628 squallor
1797 555 1878 610 vel
1907 556 2148 628 paedor.
2200 586 2272 595 —
2323 558 2605 619 caedunt.-
2652 557 2721 611 ita
2752 554 2914 610 Graeci

646 634 906 696 κόπτειν.

816 723 916 784 58.
985 725 1214 796 pud6r;
1256 724 1329 783 cl'.
1374 723 1428 780 d.
1476 742 1521 781 r.
1570 742 1642 782 m.
1691 725 1831 783 327.

816 808 916 866 59.
990 817 1093 879 est,
1141 811 1254 866 edit
1265 834 1285 874 ‚·
1340 807 1485 865 Maro
1537 827 1655 867 aen.
1703 810 1789 866 llll
1847 817 1932 866 est
1989 813 2175 868 mollis
2223 813 2456 883 flamma
2513 811 2807 867 medullas,
2846 838 2917 850 -·

648 898 798 957 mite,
846 895 1045 956 dulce,·
1088 893 1156 949 de
1199 909 1383 949 amore
1427 893 1639 950 illicito.

819 979 1088 1036 60-61.
1163 995 1345 1034 sermo
1393 985 1452 1033 ut
1497 979 1710 1034 videtur
1753 978 1991 1035 mulieris
2036 979 2103 1035 de
2147 979 2370 1036 ahsente
2416 982 2608 1036 marito
2653 979 2915 1035 sollicitae.

817 1063 918 1121 61.
992 1077 1152 1136 saepe
1195 1063 1631 1136 interpungendo
1666 1063 1890 1119 iuvanda
1924 1072 2163 1120 veterum
2194 1066 2415 1139 scripta,
2462 1065 2607 1121 velut
2637 1063 2787 1119 Ennii
2816 1078 2898 1116 ver

647 1165 742 1204 sus
788 1148 881 1221 qui
927 1147 1103 1203 fertur
1144 1163 1230 1220 ap.
1280 1147 1497 1202 Festum
1544 1146 1668 1204 374
1714 1167 1759 1204 S.
1808 1166 1857 1204 v.
1904 1157 2056 1204 ratus
2102 1151 2181 1205 sic
2224 1149 2673 1223 distinguendus:

903 1274 1226 1337 occiduntur
1272 1275 1380 1348 ubi,
1424 1279 1637 1351 potitur
1681 1268 1813 1333 ratu'
1864 1277 2111 1334 Roniulu'
2156 1277 2428 1352 praedam.

650 1407 749 1462 ubi
792 1422 913 1460 cum
959 1407 1230 1479 praesenti
1278 1413 1336 1461 ut
1380 1423 1542 1480 saepe
1587 1406 1716 1463 alias
1760 1393 1815 1462 et
1860 1406 2000 1480 apud
2045 1407 2220 1480 ipsum
2268 1405 2514 1473 Ennium.

819 1506 919 1563 62.
996 1514 1233 1582 nugatur
1279 1506 1500 1563 Nonius·
1575 1519 1660 1564 est
1713 1504 1860 1564 enim‘
1911 1525 2088 1564 sermo
2134 1510 2288 1582 pueri
2335 1507 2545 1564 delicati
2602 1507 2663 1562 ad
2722 1521 2919 1562 servum

648 1594 734 1648 cni
779 1608 959 1647 curam
1005 1593 1252 1666 corporis
1299 1592 1595 1662 mandavit3
1642 1593 1712 1650 cl.
1758 1592 1864 1664 Vll,
1911 1593 1968 1650 9.

824 1694 924 1752 63.
999 1696 1225 1751 inberbi
1237 1719 1251 1755 ‚·
1297 1695 1464 1751 Varro
1495 1695 1725 1770 epistula
1757 1695 1821 1750 atl
1856 1693 2105 1750 Fabium:
2145 1694 2310 1769 facie
2343 1695 2686 1752 Satur-orum
2728 1695 2924 1750 similes

649 1788 786 1837 sunt
826 1781 981 1854 quod
1021 1783 1149 1837 simi
1189 1788 1323 1837 sum
1365 1781 1626 1854 idemque
1670 1781 1917 1843 inberbi:
1965 1779 2092 1835 Hor.
2128 1782 2285 1854 epist.
2318 1780 2350 1836 l.
2389 1779 2427 1835 ll
2460 1788 2514 1836 et
2545 1795 2691 1854 quae
2719 1778 2926 1835 inberbi

650 1867 921 1935 didicere,
968 1881 1138 1922 senes
1176 1866 1477 1937 perdenda
1516 1865 1725 1937 fateri.

823 1965 921 2024 64.
996 1969 1066 2023 de
1110 1986 1250 2040 quo,
1297 1966 1366 2023 tle
1422 1983 1590 2042 puero
1640 1966 1870 2023 delicato
1927 1967 2139 2023 videtur
2194 1967 2361 2023 luisse
2405 1984 2602 2027 sermo.
2665 1998 2738 2007 —-
2787 1967 2922 2022 haee

651 2052 718 2123 (si
762 2063 909 2107 recte
955 2051 1145 2118 haliet3
1204 2068 1321 2107 nain
1367 2053 1547 2124 potuit
1603 2054 1901 2124 antiquitus
1945 2054 2206 2126 scriptum
2254 2051 2422 2107 fuisse
2474 2050 2623 2124 heic)
2682 2052 2922 2124 accipien-

651 2136 777 2190 «lum
822 2137 924 2191 erit
968 2136 1035 2191 «le
1083 2137 1383 2192 meretrice.

823 2237 919 2294 67.
996 2237 1099 2294 hoc
1142 2237 1331 2293 Lucilii
1378 2234 1742 2311 fragmentum
1787 2238 1963 2295 alieno
2018 2238 2161 2312 apud
2204 2238 2343 2294 Non.
2391 2238 2514 2294 loco
2571 2238 2681 2312 legi
2724 2247 2802 2294 sat
2841 2253 2922 2309 ap·

655 2331 823 2397 paret.
910 2324 1147 2396 pertinet
1192 2322 1330 2377 haud
1375 2321 1535 2378 dubie
1580 2321 1647 2379 ad
1692 2321 1883 2378 lemma
1928 2322 2256 2396 praecedens
2288 2330 2537 2379 taetrum
2568 2325 2807 2380 vitabde.
2847 2350 2922 2362 -

650 2409 896 2465 hominis
941 2424 1040 2481 pro
1085 2409 1319 2471 ominis;
1362 2405 1509 2462 Paul.
1545 2408 1582 2464 3
1628 2414 1946 2464 uxamenta
1979 2409 2322 2465 dicebamur
2366 2412 2632 2464 carmina
2663 2408 2921 2475 saliaria,

653 2508 805 2568 quae
847 2510 884 2548 a
917 2492 1093 2549 Saliis
1133 2492 1532 2550 sacerdotibus
1575 2493 1946 2550 canebantur
1986 2496 2043 2549 in
2090 2496 2393 2550 universes
2430 2493 2688 2550 homines
2718 2506 2920 2564 cumpo·

652 2582 796 2641 sitm·
841 2576 929 2633 ubi
975 2577 1062 2633 alii
1108 2581 1408 2634 universos
1450 2578 1617 2647 deos,
1678 2577 1767 2632 alii
1811 2580 2081 2635 universa
2126 2582 2392 2640 nummu,-
2453 2587 2512 2632 tu
2567 2594 2693 2634 vero
2739 2591 2921 2651 repone

653 2667 950 2720 universos
993 2678 1275 2719 semunes'.
1330 2691 1399 2701 --
1450 2669 1698 2718 taetrum
1742 2679 1902 2719 omen
1953 2672 2010 2718 ut
2056 2663 2196 2736 apud
2240 2662 2443 2718 Livium
2489 2662 2523 2717 l.
2574 2662 2707 2719 xxii
2753 2656 2832 2738 [9,
2861 2653 2918 2734 8]

654 2756 845 2805 taetra
883 2749 1174 2820 prodiyiu.
1276 2749 1347 2802 ita
1403 2745 1597 2803 Matius
1642 2746 1699 2802 ll.
1749 2747 1840 2801 tit».
1891 2747 1906 2801 Ι
1954 2749 2229 2804 obscaeni
2268 2751 2563 2819 interpres
2612 2748 2922 2820 funestique

653 2836 853 2889 ominis
897 2841 1124 2889 auctor.
1173 2861 1253 2872 —-
1299 2830 1431 2886 illud
1474 2835 1796 2904 inyressust
1842 2841 1903 2887 ut
1946 2848 2203 2904 ponerem
2250 2849 2348 2905 pru
2392 2836 2690 2904 inyressus
2741 2832 2812 2903 (et
2848 2845 2920 2884 se-

656 2919 841 2990 quitur
887 2921 946 2991 1),
993 2933 1053 2973 ea
1102 2934 1160 2972 re
1204 2933 1324 2972 suin
1370 2916 1669 2998 adductus,
1704 2907 1849 2989 quod
1896 2916 2128 2972 fabulam
2172 2916 2239 2971 «le
2285 2916 2443 2989 volpe
2490 2916 2701 2972 leonem
2740 2918 2920 2971 visente

659 3003 810 3074 tangi
853 3002 958 3056 hoc
1004 3000 1124 3056 loco
1170 3001 1444 3057 adsentior
1489 3000 1773 3057 Gulielmio
1818 3011 1872 3056 et
1918 3000 2145 3056 Deusae.

826 3103 926 3160 68.
999 3103 1247 3160 deducta
1294 3119 1431 3159 voce
1444 3127 1462 3166 ;
1506 3101 1852 3159 Cornificius:

1061 3231 1287 3287 deducta
1335 3232 1463 3287 milii
1508 3248 1641 3287 voce
1686 3231 1963 3306 garrienti.

655 3363 841 3419 similia
888 3360 1132 3436 exempla
1174 3360 1411 3431 Afranii,
1469 3359 1786 3435 Pomponii,
1831 3360 2050 3435 Vergilii
2108 3360 2271 3418 hahes
2329 3379 2415 3435 ap.
2474 3361 2795 3419 Mam-obium
2848 3358 2918 3426 vt,

654 3447 718 3518 4,
768 3447 867 3518 12,
918 3446 1014 3503 13.

826 3531 923 3588 69.
998 3547 1185 3605 quare
1225 3534 1309 3604 fit,
1359 3537 1451 3594 ut,·
1494 3530 1563 3585 cf.
1612 3530 1668 3588 d.
1715 3548 1759 3587 r.
1806 3548 1874 3586 m.
1926 3531 2068 3588 237.

828 3615 926 3676 70.
1000 3618 1291 3690 ἀερθιίρω
1334 3617 1492 3672 etiam
1539 3614 1670 3671 Cato
1715 3615 1768 3672 d.
1817 3633 1862 3671 r.
1908 3634 1955 3671 r.
1990 3615 2108 3673 157
2156 3633 2287 3672 usus
2334 3616 2437 3673 hoc
2481 3616 2776 3681 vocabulo:
2821 3614 2922 3688 glo·

656 3717 743 3755 sae
788 3698 1012 3755 Labbaei
1057 3702 1320 3773 depetiyo
1350 3694 1563 3775 λέπρα;
1610 3701 1770 3755 etiam
1799 3704 2050 3774 inpeliyo
2081 3703 2371 3757 invenitur.
2417 3730 2498 3740 —
2543 3703 2729 3774 deque
2752 3704 2925 3775 petiyo

655 3801 776 3840 cum
835 3785 989 3839 tmesi
1048 3793 1106 3840 ut
1159 3785 1347 3840 similia
1403 3784 1555 3852 alibi3
1614 3802 1730 3840 eam
1786 3802 1895 3841 non
1951 3789 2189 3860 respexit
2251 3785 2457 3842 Nonius
2515 3796 2574 3842 ut
2632 3804 2730 3842 nec
2782 3799 2925 3858 supra

655 3871 818 3945 l'rgm.
866 3867 964 3924 50.
1012 3900 1094 3911 --
1139 3876 1378 3924 ceterum
1426 3870 1528 3924 hoc
1576 3871 1934 3944 fragmentum
1979 3872 2118 3926 sicut
2157 3871 2243 3927 illa

911 3999 1097 4054 iritum
1143 4009 1198 4054 et
1242 4006 1559 4071 corruptum
1605 3999 1780 4055 scaleiie
1825 4008 1880 4054 et
1925 4001 2205 4074 porrigini'
2252 4001 2470 4075 plenum

655 4095 711 4144 et

913 4170 998 4227 hic
1040 4170 1095 4225 in
1141 4177 1380 4225 stercore
1426 4166 1571 4223 humi
1617 4168 1922 4242 stabulique
1968 4167 2092 4225 limo
2139 4178 2302 4243 atque
2346 4169 2590 4227 sucerdis

659 4300 930 4376 pertinere
976 4299 1227 4354 videntur
1270 4297 1333 4354 ad
1380 4306 1565 4353 canem
1611 4296 1878 4371 quendam
1921 4297 2148 4354 similem
2196 4299 2324 4372 Argi
2375 4297 2661 4354 Homerici.

831 4384 927 4440 71.
1005 4399 1227 4456 conque
1272 4383 1664 4446 tubernalem;
1706 4384 1779 4437 ita
1827 4381 1862 4439 Ι.
1890 4379 2028 4437 'XXX
2075 4386 2237 4439 etiam
2265 4385 2447 4459 deque
2476 4385 2694 4441 dicata.
2770 4395 2929 4456 neque
