<?xml version="1.0" encoding="UTF-8"?>
<!DOCTYPE html PUBLIC "-//W3C//DTD XHTML 1.0 Transitional//EN"
    "http://www.w3.org/TR/xhtml1/DTD/xhtml1-transitional.dtd">
<html xmlns="http://www.w3.org/1999/xhtml" xml:lang="en" lang="en">
 <head>
  <title>
</title>
<meta http-equiv="Content-Type" content="text/html;charset=utf-8" />
  <meta name='ocr-system' content='tesseract 3.04.00' />
  <meta name='ocr-capabilities' content='ocr_page ocr_carea ocr_par ocr_line ocrx_word'/>
</head>
<body>
  <div class='ocr_page' id='page_1' title='image "./clucilisaturaru00mlgoog_0352.png"; bbox 0 0 3267 5075; ppageno 0'>
   <div class='ocr_carea' id='block_1_1' title="bbox 731 406 2250 470">
    <p class='ocr_par' dir='ltr' id='par_1_1' title="bbox 731 406 2250 470">
     <span class='ocr_line' id='line_1_1' title="bbox 731 406 2250 470; baseline -0.004 0"><span class='ocrx_word' id='word_1_1' title='bbox 731 406 862 470; x_wconf 72' lang='lat'>242</span> <span class='ocrx_word' id='word_1_2' title='bbox 1555 408 1779 463; x_wconf 85' lang='lat' dir='ltr'>LIBER</span> <span class='ocrx_word' id='word_1_3' title='bbox 1814 409 2035 465; x_wconf 85' lang='lat' dir='ltr'>XVIIII.</span> <span class='ocrx_word' id='word_1_4' title='bbox 2073 410 2192 464; x_wconf 90' lang='lat' dir='ltr'>XX.</span> <span class='ocrx_word' id='word_1_5' title='bbox 2246 422 2250 427; x_wconf 60' lang='lat'><strong>⁴</strong></span> 
     </span>
    </p>
   </div>
   <div class='ocr_carea' id='block_1_2' title="bbox 727 573 2997 1498">
    <p class='ocr_par' dir='ltr' id='par_1_2' title="bbox 730 573 2946 732">
     <span class='ocr_line' id='line_1_2' title="bbox 899 573 2946 647; baseline 0.001 -17"><span class='ocrx_word' id='word_1_6' title='bbox 899 573 958 630; x_wconf 92' lang='grc'>4.</span> <span class='ocrx_word' id='word_1_7' title='bbox 1030 579 1206 646; x_wconf 82' lang='lat' dir='ltr'>pueri</span> <span class='ocrx_word' id='word_1_8' title='bbox 1241 575 1497 647; x_wconf 82' lang='lat' dir='ltr'>infantes</span> <span class='ocrx_word' id='word_1_9' title='bbox 1508 600 1526 640; x_wconf 82' lang='lat'>,-</span> <span class='ocrx_word' id='word_1_10' title='bbox 1570 576 1639 632; x_wconf 79' lang='lat' dir='ltr'>cf.</span> <span class='ocrx_word' id='word_1_11' title='bbox 1684 576 1793 647; x_wconf 79' lang='lat' dir='ltr'>XV,</span> <span class='ocrx_word' id='word_1_12' title='bbox 1827 573 1885 632; x_wconf 80' lang='lat'>2.</span> <span class='ocrx_word' id='word_1_13' title='bbox 1942 607 2024 617; x_wconf 94' lang='lat'><strong>—</strong></span> <span class='ocrx_word' id='word_1_14' title='bbox 2080 578 2408 647; x_wconf 76' lang='lat' dir='ltr'><strong><em>honustum,</em></strong></span> <span class='ocrx_word' id='word_1_15' title='bbox 2458 577 2559 634; x_wconf 87' lang='lat' dir='ltr'>vid.</span> <span class='ocrx_word' id='word_1_16' title='bbox 2596 578 2659 634; x_wconf 84' lang='lat' dir='ltr'>de</span> <span class='ocrx_word' id='word_1_17' title='bbox 2701 578 2785 634; x_wconf 87' lang='lat' dir='ltr'>hac</span> <span class='ocrx_word' id='word_1_18' title='bbox 2818 576 2946 634; x_wconf 79' lang='lat' dir='ltr'>forma</span> 
     </span>
     <span class='ocr_line' id='line_1_3' title="bbox 730 658 1185 732; baseline 0.004 -17"><span class='ocrx_word' id='word_1_19' title='bbox 730 658 864 715; x_wconf 88' lang='lat' dir='ltr'>Gell.</span> <span class='ocrx_word' id='word_1_20' title='bbox 907 658 974 731; x_wconf 79' lang='lat'>11,</span> <span class='ocrx_word' id='word_1_21' title='bbox 1021 660 1080 732; x_wconf 83' lang='lat'>3,</span> <span class='ocrx_word' id='word_1_22' title='bbox 1126 660 1185 717; x_wconf 87' lang='lat'>3.</span> 
     </span>
    </p>

    <p class='ocr_par' dir='ltr' id='par_1_3' title="bbox 899 744 2270 819">
     <span class='ocr_line' id='line_1_4' title="bbox 899 744 2270 819; baseline 0.001 -19"><span class='ocrx_word' id='word_1_23' title='bbox 899 744 955 801; x_wconf 86' lang='lat'>5.</span> <span class='ocrx_word' id='word_1_24' title='bbox 1027 749 1590 817; x_wconf 75' lang='lat' dir='ltr'>poeniculamentum</span> <span class='ocrx_word' id='word_1_25' title='bbox 1632 746 1844 819; x_wconf 81' lang='lat' dir='ltr'>scripsi,</span> <span class='ocrx_word' id='word_1_26' title='bbox 1891 754 1952 804; x_wconf 87' lang='lat' dir='ltr'>ut</span> <span class='ocrx_word' id='word_1_27' title='bbox 1991 748 2270 818; x_wconf 82' lang='lat' dir='ltr'>paenula.</span> 
     </span>
    </p>

    <p class='ocr_par' dir='ltr' id='par_1_4' title="bbox 730 828 2949 989">
     <span class='ocr_line' id='line_1_5' title="bbox 901 828 2949 907; baseline 0 -22"><span class='ocrx_word' id='word_1_28' title='bbox 901 828 956 886; x_wconf 84' lang='lat'>7.</span> <span class='ocrx_word' id='word_1_29' title='bbox 1032 847 1219 903; x_wconf 72' lang='lat' dir='ltr'>quare</span> <span class='ocrx_word' id='word_1_30' title='bbox 1261 838 1326 888; x_wconf 75' lang='lat' dir='ltr'>ut</span> <span class='ocrx_word' id='word_1_31' title='bbox 1367 831 1607 888; x_wconf 79' lang='lat' dir='ltr'><strong><em>dicimus</em></strong></span> <span class='ocrx_word' id='word_1_32' title='bbox 1637 848 1687 886; x_wconf 90' lang='lat' dir='ltr'>e.</span> <span class='ocrx_word' id='word_1_33' title='bbox 1710 847 1764 904; x_wconf 88' lang='lat' dir='ltr'>q.</span> <span class='ocrx_word' id='word_1_34' title='bbox 1796 847 1841 887; x_wconf 89' lang='lat' dir='ltr'>s.</span> <span class='ocrx_word' id='word_1_35' title='bbox 1891 860 1968 871; x_wconf 91' lang='lat'>—-</span> <span class='ocrx_word' id='word_1_36' title='bbox 2016 830 2372 906; x_wconf 77' lang='lat' dir='ltr'>proverbialis</span> <span class='ocrx_word' id='word_1_37' title='bbox 2404 832 2574 907; x_wconf 78' lang='lat' dir='ltr'>igitur</span> <span class='ocrx_word' id='word_1_38' title='bbox 2602 832 2699 889; x_wconf 80' lang='lat' dir='ltr'>suit</span> <span class='ocrx_word' id='word_1_39' title='bbox 2725 832 2861 889; x_wconf 86' lang='lat' dir='ltr'>dictio</span> <span class='ocrx_word' id='word_1_40' title='bbox 2885 830 2949 886; x_wconf 83' lang='lat' dir='ltr'>illa</span> 
     </span>
     <span class='ocr_line' id='line_1_6' title="bbox 730 916 1637 989; baseline 0.001 -19"><span class='ocrx_word' id='word_1_41' title='bbox 730 932 845 971; x_wconf 83' lang='lat' dir='ltr'>non</span> <span class='ocrx_word' id='word_1_42' title='bbox 891 916 1066 987; x_wconf 80' lang='lat' dir='ltr'>video,</span> <span class='ocrx_word' id='word_1_43' title='bbox 1114 916 1209 973; x_wconf 78' lang='lat' dir='ltr'>hic</span> <span class='ocrx_word' id='word_1_44' title='bbox 1252 917 1392 989; x_wconf 81' lang='lat' dir='ltr'>quid</span> <span class='ocrx_word' id='word_1_45' title='bbox 1431 923 1637 988; x_wconf 71' lang='lat' dir='ltr'>optem.</span> 
     </span>
    </p>

    <p class='ocr_par' dir='ltr' id='par_1_5' title="bbox 727 990 2951 1242">
     <span class='ocr_line' id='line_1_7' title="bbox 899 990 2949 1075; baseline 0.001 -20"><span class='ocrx_word' id='word_1_46' title='bbox 899 999 958 1055; x_wconf 87' lang='grc'>8.</span> <span class='ocrx_word' id='word_1_47' title='bbox 1016 1015 1174 1057; x_wconf 82' lang='lat' dir='ltr'>sume</span> <span class='ocrx_word' id='word_1_48' title='bbox 1204 1000 1239 1056; x_wconf 85' lang='lat' dir='ltr'>i.</span> <span class='ocrx_word' id='word_1_49' title='bbox 1273 1017 1323 1057; x_wconf 91' lang='lat' dir='ltr'>e.</span> <span class='ocrx_word' id='word_1_50' title='bbox 1352 1000 1562 1073; x_wconf 81' lang='lat' dir='ltr'>fruere</span> <span class='ocrx_word' id='word_1_51' title='bbox 1576 1025 1593 1064; x_wconf 85' lang='lat'>,-</span> <span class='ocrx_word' id='word_1_52' title='bbox 1639 1017 1761 1056; x_wconf 89' lang='lat' dir='ltr'>nam</span> <span class='ocrx_word' id='word_1_53' title='bbox 1805 1008 2043 1075; x_wconf 83' lang='lat' dir='ltr'>nugatur</span> <span class='ocrx_word' id='word_1_54' title='bbox 2085 990 2312 1058; x_wconf 76' lang='lat' dir='ltr'>Nonius·</span> <span class='ocrx_word' id='word_1_55' title='bbox 2361 1026 2444 1043; x_wconf 81' lang='lat'>-·-</span> <span class='ocrx_word' id='word_1_56' title='bbox 2488 1018 2648 1060; x_wconf 77' lang='lat' dir='ltr'>sume</span> <span class='ocrx_word' id='word_1_57' title='bbox 2673 1004 2826 1065; x_wconf 67' lang='lat' dir='ltr'>(Hem,-</span> <span class='ocrx_word' id='word_1_58' title='bbox 2860 1001 2949 1057; x_wconf 82' lang='lat' dir='ltr'>Ter.</span> 
     </span>
     <span class='ocr_line' id='line_1_8' title="bbox 727 1083 2951 1159; baseline 0 -21"><span class='ocrx_word' id='word_1_59' title='bbox 727 1083 814 1139; x_wconf 86' lang='lat' dir='ltr'>ad.</span> <span class='ocrx_word' id='word_1_60' title='bbox 862 1085 926 1156; x_wconf 79' lang='lat'>11,</span> <span class='ocrx_word' id='word_1_61' title='bbox 957 1084 1018 1155; x_wconf 80' lang='grc'>4,</span> <span class='ocrx_word' id='word_1_62' title='bbox 1050 1084 1129 1142; x_wconf 83' lang='grc'>23</span> <span class='ocrx_word' id='word_1_63' title='bbox 1176 1087 1419 1142; x_wconf 79' lang='lat' dir='ltr'><strong><em>hilarem</em></strong></span> <span class='ocrx_word' id='word_1_64' title='bbox 1449 1086 1604 1141; x_wconf 78' lang='lat' dir='ltr'>hunc</span> <span class='ocrx_word' id='word_1_65' title='bbox 1634 1102 1928 1143; x_wconf 76' lang='lat' dir='ltr'><strong><em>sumamus</em></strong></span> <span class='ocrx_word' id='word_1_66' title='bbox 1955 1088 2119 1142; x_wconf 79' lang='lat' dir='ltr'>diem.</span> <span class='ocrx_word' id='word_1_67' title='bbox 2167 1116 2246 1127; x_wconf 91' lang='lat'>·--</span> <span class='ocrx_word' id='word_1_68' title='bbox 2293 1090 2395 1159; x_wconf 84' lang='lat' dir='ltr'>qui</span> <span class='ocrx_word' id='word_1_69' title='bbox 2437 1095 2523 1147; x_wconf 79' lang='lat' dir='ltr'>est</span> <span class='ocrx_word' id='word_1_70' title='bbox 2553 1088 2687 1145; x_wconf 82' lang='lat' dir='ltr'>visu’</span> <span class='ocrx_word' id='word_1_71' title='bbox 2716 1088 2826 1149; x_wconf 56' lang='lat' dir='ltr'>iila,-</span> <span class='ocrx_word' id='word_1_72' title='bbox 2859 1087 2887 1141; x_wconf 87' lang='lat' dir='ltr'>i.</span> <span class='ocrx_word' id='word_1_73' title='bbox 2915 1101 2951 1140; x_wconf 87' lang='lat' dir='ltr'>e.</span> 
     </span>
     <span class='ocr_line' id='line_1_9' title="bbox 728 1168 2425 1242; baseline 0.001 -16"><span class='ocrx_word' id='word_1_74' title='bbox 728 1184 894 1242; x_wconf 82' lang='lat' dir='ltr'>quem</span> <span class='ocrx_word' id='word_1_75' title='bbox 937 1170 1140 1229; x_wconf 81' lang='lat' dir='ltr'>vidisti.</span> <span class='ocrx_word' id='word_1_76' title='bbox 2418 1168 2425 1173; x_wconf 79' lang='grc'>’</span> 
     </span>
    </p>

    <p class='ocr_par' dir='ltr' id='par_1_6' title="bbox 727 1253 2997 1498">
     <span class='ocr_line' id='line_1_10' title="bbox 898 1253 2997 1329; baseline -0.001 -19"><span class='ocrx_word' id='word_1_77' title='bbox 898 1254 955 1310; x_wconf 92' lang='grc'>9.</span> <span class='ocrx_word' id='word_1_78' title='bbox 1031 1253 1119 1309; x_wconf 85' lang='lat' dir='ltr'>illa</span> <span class='ocrx_word' id='word_1_79' title='bbox 1166 1270 1303 1327; x_wconf 88' lang='lat' dir='ltr'>quae</span> <span class='ocrx_word' id='word_1_80' title='bbox 1350 1263 1478 1311; x_wconf 87' lang='lat' dir='ltr'>sunt</span> <span class='ocrx_word' id='word_1_81' title='bbox 1518 1255 1709 1312; x_wconf 79' lang='lat' dir='ltr'>latere</span> <span class='ocrx_word' id='word_1_82' title='bbox 1744 1257 2009 1327; x_wconf 82' lang='lat' dir='ltr'>pendens</span> <span class='ocrx_word' id='word_1_83' title='bbox 2049 1272 2171 1312; x_wconf 87' lang='lat' dir='ltr'>eum</span> <span class='ocrx_word' id='word_1_84' title='bbox 2217 1256 2439 1329; x_wconf 85' lang='lat' dir='ltr'>reliquis</span> <span class='ocrx_word' id='word_1_85' title='bbox 2487 1257 2532 1312; x_wconf 86' lang='lat' dir='ltr'>si</span> <span class='ocrx_word' id='word_1_86' title='bbox 2583 1265 2723 1313; x_wconf 86' lang='lat' dir='ltr'>recte</span> <span class='ocrx_word' id='word_1_87' title='bbox 2760 1254 2891 1312; x_wconf 82' lang='lat' dir='ltr'>codd.</span> <span class='ocrx_word' id='word_1_88' title='bbox 2925 1253 2952 1308; x_wconf 88' lang='lat' dir='ltr'>B</span> <span class='ocrx_word' id='word_1_89' title='bbox 2988 1270 2997 1281; x_wconf 92' lang='lat'><strong>·</strong></span> 
     </span>
     <span class='ocr_line' id='line_1_11' title="bbox 727 1337 2952 1415; baseline -0 -22"><span class='ocrx_word' id='word_1_90' title='bbox 727 1346 783 1393; x_wconf 88' lang='lat' dir='ltr'>ct</span> <span class='ocrx_word' id='word_1_91' title='bbox 827 1337 961 1393; x_wconf 85' lang='lat' dir='ltr'>Gen.</span> <span class='ocrx_word' id='word_1_92' title='bbox 1008 1337 1257 1394; x_wconf 91' lang='lat' dir='ltr'>tribuunt</span> <span class='ocrx_word' id='word_1_93' title='bbox 1302 1338 1408 1395; x_wconf 89' lang='lat' dir='ltr'>vol.</span> <span class='ocrx_word' id='word_1_94' title='bbox 1455 1338 1701 1408; x_wconf 82' lang='lat' dir='ltr'>xxvun‚</span> <span class='ocrx_word' id='word_1_95' title='bbox 1746 1339 1877 1396; x_wconf 86' lang='lat' dir='ltr'>nihil</span> <span class='ocrx_word' id='word_1_96' title='bbox 1923 1338 2174 1414; x_wconf 76' lang='lat' dir='ltr'>equidem</span> <span class='ocrx_word' id='word_1_97' title='bbox 2219 1340 2421 1411; x_wconf 80' lang='lat' dir='ltr'>obstat,</span> <span class='ocrx_word' id='word_1_98' title='bbox 2468 1344 2600 1415; x_wconf 90' lang='lat' dir='ltr'>quin</span> <span class='ocrx_word' id='word_1_99' title='bbox 2643 1358 2668 1396; x_wconf 86' lang='lat' dir='ltr'>a</span> <span class='ocrx_word' id='word_1_100' title='bbox 2696 1339 2872 1397; x_wconf 86' lang='lat' dir='ltr'>Lucilio</span> <span class='ocrx_word' id='word_1_101' title='bbox 2906 1354 2952 1393; x_wconf 80' lang='lat' dir='ltr'>ex</span> 
     </span>
     <span class='ocr_line' id='line_1_12' title="bbox 729 1421 2834 1498; baseline 0 -21"><span class='ocrx_word' id='word_1_102' title='bbox 729 1422 1006 1496; x_wconf 74' lang='lat' dir='ltr'>tragoedia</span> <span class='ocrx_word' id='word_1_103' title='bbox 1049 1421 1205 1480; x_wconf 89' lang='lat' dir='ltr'>Ennii</span> <span class='ocrx_word' id='word_1_104' title='bbox 1249 1425 1304 1480; x_wconf 87' lang='lat' dir='ltr'>in</span> <span class='ocrx_word' id='word_1_105' title='bbox 1348 1424 1603 1498; x_wconf 87' lang='lat' dir='ltr'>proprios</span> <span class='ocrx_word' id='word_1_106' title='bbox 1648 1423 1817 1479; x_wconf 87' lang='lat' dir='ltr'>libros</span> <span class='ocrx_word' id='word_1_107' title='bbox 1865 1424 2122 1480; x_wconf 86' lang='lat' dir='ltr'>translata</span> <span class='ocrx_word' id='word_1_108' title='bbox 2168 1441 2291 1480; x_wconf 89' lang='lat' dir='ltr'>esse</span> <span class='ocrx_word' id='word_1_109' title='bbox 2334 1427 2709 1483; x_wconf 80' lang='lat' dir='ltr'>existimentur</span> <span class='ocrx_word' id='word_1_110' title='bbox 2745 1426 2834 1480; x_wconf 89' lang='lat' dir='ltr'>sic:</span> 
     </span>
    </p>
   </div>
   <div class='ocr_carea' id='block_1_3' title="bbox 949 1560 2706 1704">
    <p class='ocr_par' dir='ltr' id='par_1_7' title="bbox 949 1560 2706 1704">
     <span class='ocr_line' id='line_1_13' title="bbox 949 1560 2706 1639; baseline 0.004 -26"><span class='ocrx_word' id='word_1_111' title='bbox 949 1562 1148 1619; x_wconf 89' lang='lat' dir='ltr'>.latere</span> <span class='ocrx_word' id='word_1_112' title='bbox 1193 1560 1435 1636; x_wconf 89' lang='lat' dir='ltr'>pendens</span> <span class='ocrx_word' id='word_1_113' title='bbox 1480 1577 1601 1617; x_wconf 84' lang='lat' dir='ltr'>saxa</span> <span class='ocrx_word' id='word_1_114' title='bbox 1647 1578 1911 1636; x_wconf 83' lang='lat' dir='ltr'>spargens</span> <span class='ocrx_word' id='word_1_115' title='bbox 1958 1562 2102 1633; x_wconf 86' lang='lat' dir='ltr'>tabo,</span> <span class='ocrx_word' id='word_1_116' title='bbox 2155 1565 2302 1619; x_wconf 87' lang='lat' dir='ltr'>sanie</span> <span class='ocrx_word' id='word_1_117' title='bbox 2347 1572 2402 1620; x_wconf 88' lang='lat' dir='ltr'>ct</span> <span class='ocrx_word' id='word_1_118' title='bbox 2446 1566 2706 1639; x_wconf 82' lang='lat' dir='ltr'>sanguine</span> 
     </span>
     <span class='ocr_line' id='line_1_14' title="bbox 978 1655 1118 1704; baseline 0.021 -3"><span class='ocrx_word' id='word_1_119' title='bbox 978 1655 1118 1704; x_wconf 77' lang='lat' dir='ltr'>atro,</span> 
     </span>
    </p>
   </div>
   <div class='ocr_carea' id='block_1_4' title="bbox 724 1784 2961 2030">
    <p class='ocr_par' dir='ltr' id='par_1_8' title="bbox 724 1784 2961 2030">
     <span class='ocr_line' id='line_1_15' title="bbox 724 1784 2953 1860; baseline -0.001 -20"><span class='ocrx_word' id='word_1_120' title='bbox 724 1801 785 1841; x_wconf 87' lang='lat' dir='ltr'>ac</span> <span class='ocrx_word' id='word_1_121' title='bbox 842 1793 1017 1841; x_wconf 90' lang='lat' dir='ltr'>tamen</span> <span class='ocrx_word' id='word_1_122' title='bbox 1073 1784 1391 1860; x_wconf 87' lang='lat' dir='ltr'>simpliciter</span> <span class='ocrx_word' id='word_1_123' title='bbox 1434 1784 1689 1841; x_wconf 85' lang='lat' dir='ltr'>iudicanti</span> <span class='ocrx_word' id='word_1_124' title='bbox 1734 1784 1816 1841; x_wconf 93' lang='lat' dir='ltr'>vel</span> <span class='ocrx_word' id='word_1_125' title='bbox 1861 1785 1940 1841; x_wconf 92' lang='lat' dir='ltr'>sic</span> <span class='ocrx_word' id='word_1_126' title='bbox 1969 1784 2077 1841; x_wconf 82' lang='lat' dir='ltr'>veri</span> <span class='ocrx_word' id='word_1_127' title='bbox 2107 1784 2374 1842; x_wconf 82' lang='lat' dir='ltr'>videbitur</span> <span class='ocrx_word' id='word_1_128' title='bbox 2417 1786 2646 1843; x_wconf 85' lang='lat' dir='ltr'>similius</span> <span class='ocrx_word' id='word_1_129' title='bbox 2675 1787 2754 1843; x_wconf 89' lang='lat' dir='ltr'>hic</span> <span class='ocrx_word' id='word_1_130' title='bbox 2779 1792 2831 1840; x_wconf 88' lang='lat' dir='ltr'>ut</span> <span class='ocrx_word' id='word_1_131' title='bbox 2854 1785 2953 1840; x_wconf 86' lang='lat' dir='ltr'>alias</span> 
     </span>
     <span class='ocr_line' id='line_1_16' title="bbox 724 1868 2961 1944; baseline -0 -21"><span class='ocrx_word' id='word_1_132' title='bbox 724 1869 865 1925; x_wconf 86' lang='lat' dir='ltr'>haud</span> <span class='ocrx_word' id='word_1_133' title='bbox 910 1887 1034 1927; x_wconf 90' lang='lat' dir='ltr'>raro</span> <span class='ocrx_word' id='word_1_134' title='bbox 1079 1887 1163 1944; x_wconf 89' lang='lat' dir='ltr'>ap.</span> <span class='ocrx_word' id='word_1_135' title='bbox 1208 1870 1349 1929; x_wconf 86' lang='lat' dir='ltr'>Non.</span> <span class='ocrx_word' id='word_1_136' title='bbox 1392 1868 1501 1926; x_wconf 71' lang='lat' dir='ltr'>duo</span> <span class='ocrx_word' id='word_1_137' title='bbox 1546 1870 1855 1926; x_wconf 88' lang='lat' dir='ltr'>testimonia</span> <span class='ocrx_word' id='word_1_138' title='bbox 1898 1868 2240 1926; x_wconf 78' lang='lat' dir='ltr'>librariorum</span> <span class='ocrx_word' id='word_1_139' title='bbox 2284 1869 2414 1927; x_wconf 89' lang='lat' dir='ltr'>dolo</span> <span class='ocrx_word' id='word_1_140' title='bbox 2449 1870 2677 1927; x_wconf 85' lang='lat' dir='ltr'>conflata</span> <span class='ocrx_word' id='word_1_141' title='bbox 2718 1872 2767 1926; x_wconf 92' lang='lat' dir='ltr'>in</span> <span class='ocrx_word' id='word_1_142' title='bbox 2806 1884 2961 1925; x_wconf 64' lang='lat' dir='ltr'>unum:</span> 
     </span>
     <span class='ocr_line' id='line_1_17' title="bbox 897 1952 2954 2030; baseline -0.002 -20"><span class='ocrx_word' id='word_1_143' title='bbox 897 1955 994 2012; x_wconf 87' lang='lat'>10.</span> <span class='ocrx_word' id='word_1_144' title='bbox 1070 1954 1266 2011; x_wconf 84' lang='lat' dir='ltr'>malum</span> <span class='ocrx_word' id='word_1_145' title='bbox 1311 1963 1528 2028; x_wconf 89' lang='lat' dir='ltr'>poetam</span> <span class='ocrx_word' id='word_1_146' title='bbox 1571 1953 1654 2009; x_wconf 89' lang='lat' dir='ltr'>his</span> <span class='ocrx_word' id='word_1_147' title='bbox 1686 1952 1862 2010; x_wconf 90' lang='lat' dir='ltr'>verbis</span> <span class='ocrx_word' id='word_1_148' title='bbox 1905 1956 2201 2028; x_wconf 79' lang='lat' dir='ltr'>perstringi</span> <span class='ocrx_word' id='word_1_149' title='bbox 2245 1963 2403 2028; x_wconf 89' lang='lat' dir='ltr'>putat</span> <span class='ocrx_word' id='word_1_150' title='bbox 2426 1955 2631 2029; x_wconf 85' lang='lat' dir='ltr'>-Dousa‚</span> <span class='ocrx_word' id='word_1_151' title='bbox 2673 1957 2757 2030; x_wconf 86' lang='lat' dir='ltr'>qui</span> <span class='ocrx_word' id='word_1_152' title='bbox 2784 1953 2954 2010; x_wconf 73' lang='lat' dir='ltr'>confert</span> 
     </span>
    </p>
   </div>
   <div class='ocr_carea' id='block_1_5' title="bbox 723 2038 2175 2217">
    <p class='ocr_par' dir='ltr' id='par_1_9' title="bbox 723 2038 2175 2217">
     <span class='ocr_line' id='line_1_18' title="bbox 723 2038 1163 2096; baseline 0 -1"><span class='ocrx_word' id='word_1_153' title='bbox 723 2038 984 2096; x_wconf 86' lang='lat' dir='ltr'>luvenalis</span> <span class='ocrx_word' id='word_1_154' title='bbox 1028 2040 1163 2095; x_wconf 86' lang='lat' dir='ltr'>illud</span> 
     </span>
     <span class='ocr_line' id='line_1_19' title="bbox 979 2142 2175 2217; baseline 0.001 -3"><span class='ocrx_word' id='word_1_155' title='bbox 979 2142 1201 2216; x_wconf 76' lang='lat' dir='ltr'>vexatus</span> <span class='ocrx_word' id='word_1_156' title='bbox 1248 2161 1451 2217; x_wconf 87' lang='lat' dir='ltr'>totiens</span> <span class='ocrx_word' id='word_1_157' title='bbox 1495 2160 1642 2216; x_wconf 86' lang='lat' dir='ltr'>rauci</span> <span class='ocrx_word' id='word_1_158' title='bbox 1688 2159 1952 2216; x_wconf 85' lang='lat' dir='ltr'>Theseide</span> <span class='ocrx_word' id='word_1_159' title='bbox 1996 2158 2175 2217; x_wconf 85' lang='lat' dir='ltr'>Cordi.</span> 
     </span>
    </p>
   </div>
   <div class='ocr_carea' id='block_1_6' title="bbox 721 2277 2956 2439">
    <p class='ocr_par' dir='ltr' id='par_1_10' title="bbox 721 2277 2956 2439">
     <span class='ocr_line' id='line_1_20' title="bbox 721 2277 2956 2354; baseline -0.001 -19"><span class='ocrx_word' id='word_1_160' title='bbox 721 2279 817 2336; x_wconf 85' lang='lat' dir='ltr'>scd</span> <span class='ocrx_word' id='word_1_161' title='bbox 864 2282 1067 2337; x_wconf 87' lang='lat' dir='ltr'>rectius</span> <span class='ocrx_word' id='word_1_162' title='bbox 1112 2280 1179 2336; x_wconf 90' lang='lat' dir='ltr'>de</span> <span class='ocrx_word' id='word_1_163' title='bbox 1224 2289 1408 2336; x_wconf 87' lang='lat' dir='ltr'>actore</span> <span class='ocrx_word' id='word_1_164' title='bbox 1439 2281 1684 2337; x_wconf 89' lang='lat' dir='ltr'>scaenico</span> <span class='ocrx_word' id='word_1_165' title='bbox 1731 2281 1823 2352; x_wconf 88' lang='lat' dir='ltr'>qui</span> <span class='ocrx_word' id='word_1_166' title='bbox 1866 2280 2130 2336; x_wconf 80' lang='lat' dir='ltr'>raucitate</span> <span class='ocrx_word' id='word_1_167' title='bbox 2170 2280 2495 2354; x_wconf 68' lang='lat' dir='ltr'>impediatur</span> <span class='ocrx_word' id='word_1_168' title='bbox 2538 2299 2607 2338; x_wconf 86' lang='lat' dir='ltr'>ne</span> <span class='ocrx_word' id='word_1_169' title='bbox 2630 2280 2771 2337; x_wconf 65' lang='lat' dir='ltr'>‘bene</span> <span class='ocrx_word' id='word_1_170' title='bbox 2809 2277 2956 2335; x_wconf 73' lang='lat' dir='ltr'>efferat</span> 
     </span>
     <span class='ocr_line' id='line_1_21' title="bbox 723 2364 2398 2439; baseline 0.001 -20"><span class='ocrx_word' id='word_1_171' title='bbox 723 2381 912 2421; x_wconf 87' lang='lat' dir='ltr'>versus</span> <span class='ocrx_word' id='word_1_172' title='bbox 960 2373 1018 2421; x_wconf 90' lang='lat' dir='ltr'>tu</span> <span class='ocrx_word' id='word_1_173' title='bbox 1062 2366 1343 2439; x_wconf 72' lang='lat' dir='ltr'>cogitaris,</span> <span class='ocrx_word' id='word_1_174' title='bbox 1391 2395 1468 2406; x_wconf 91' lang='lat'>—-</span> <span class='ocrx_word' id='word_1_175' title='bbox 1516 2364 1734 2421; x_wconf 87' lang='lat' dir='ltr'>Strattis</span> <span class='ocrx_word' id='word_1_176' title='bbox 1778 2366 1833 2419; x_wconf 87' lang='lat' dir='ltr'>in</span> <span class='ocrx_word' id='word_1_177' title='bbox 1878 2365 2398 2438; x_wconf 85' lang='lat' dir='ltr'>Anthroporracste:</span> 
     </span>
    </p>
   </div>
   <div class='ocr_carea' id='block_1_7' title="bbox 972 2484 2478 2826">
    <p class='ocr_par' dir='ltr' id='par_1_11' title="bbox 974 2484 2466 2656">
     <span class='ocr_line' id='line_1_22' title="bbox 977 2484 2466 2570; baseline 0.001 -19"><span class='ocrx_word' id='word_1_178' title='bbox 977 2489 1080 2552; x_wconf 80' lang='grc' dir='ltr'>καὶ</span> <span class='ocrx_word' id='word_1_179' title='bbox 1121 2499 1243 2551; x_wconf 81' lang='grc' dir='ltr'>τῶν</span> <span class='ocrx_word' id='word_1_180' title='bbox 1280 2487 1391 2569; x_wconf 82' lang='grc' dir='ltr'>μὲν</span> <span class='ocrx_word' id='word_1_181' title='bbox 1430 2487 1625 2551; x_wconf 73' lang='grc' dir='ltr'><strong><em>ἄλλων</em></strong></span> <span class='ocrx_word' id='word_1_182' title='bbox 1666 2484 1779 2550; x_wconf 76' lang='grc' dir='ltr'>οὐκ</span> <span class='ocrx_word' id='word_1_183' title='bbox 1820 2486 2062 2566; x_wconf 80' lang='grc' dir='ltr'><strong><em>ἐμέλησέ</em></strong></span> <span class='ocrx_word' id='word_1_184' title='bbox 2098 2509 2199 2568; x_wconf 85' lang='grc' dir='ltr'>μοι</span> <span class='ocrx_word' id='word_1_185' title='bbox 2239 2493 2466 2570; x_wconf 75' lang='grc' dir='ltr'><strong><em>μελῶν,</em></strong></span> 
     </span>
     <span class='ocr_line' id='line_1_23' title="bbox 974 2572 2046 2656; baseline -0.003 -19"><span class='ocrx_word' id='word_1_186' title='bbox 974 2572 1311 2656; x_wconf 73' lang='grc' dir='ltr'><strong><em>Εὐριπίδου</em></strong></span> <span class='ocrx_word' id='word_1_187' title='bbox 1353 2572 1421 2635; x_wconf 84' lang='grc' dir='ltr'>δὲ</span> <span class='ocrx_word' id='word_1_188' title='bbox 1458 2575 1655 2655; x_wconf 76' lang='grc' dir='ltr'><em>δρᾶμα</em></span> <span class='ocrx_word' id='word_1_189' title='bbox 1694 2572 2046 2649; x_wconf 79' lang='grc' dir='ltr'><em>δεξιώτατον</em></span> 
     </span>
    </p>

    <p class='ocr_par' dir='ltr' id='par_1_12' title="bbox 972 2655 2478 2826">
     <span class='ocr_line' id='line_1_24' title="bbox 978 2655 2478 2740; baseline 0.001 -20"><span class='ocrx_word' id='word_1_190' title='bbox 978 2657 1270 2723; x_wconf 81' lang='grc' dir='ltr'><strong><em>ὃιέκναισ’</em></strong></span> <span class='ocrx_word' id='word_1_191' title='bbox 1310 2657 1595 2738; x_wconf 78' lang='grc' dir='ltr'><strong><em>Ὀρέστην</em></strong></span> <span class='ocrx_word' id='word_1_192' title='bbox 1611 2707 1629 2735; x_wconf 82' lang='grc'><em>,</em></span> <span class='ocrx_word' id='word_1_193' title='bbox 1663 2655 1983 2740; x_wconf 79' lang='grc' dir='ltr'><strong><em>Ἦγὲλοχον</em></strong></span> <span class='ocrx_word' id='word_1_194' title='bbox 2022 2656 2127 2720; x_wconf 85' lang='grc' dir='ltr'>τὸν</span> <span class='ocrx_word' id='word_1_195' title='bbox 2166 2658 2478 2740; x_wconf 78' lang='grc' dir='ltr'><strong><em>Κιννοὲρου</em></strong></span> 
     </span>
     <span class='ocr_line' id='line_1_25' title="bbox 972 2741 2398 2826; baseline 0.001 -20"><span class='ocrx_word' id='word_1_196' title='bbox 972 2746 1426 2824; x_wconf 77' lang='grc' dir='ltr'><em>μισθωσάμενος</em></span> <span class='ocrx_word' id='word_1_197' title='bbox 1470 2743 1540 2804; x_wconf 81' lang='grc' dir='ltr'>τὰ</span> <span class='ocrx_word' id='word_1_198' title='bbox 1579 2752 1785 2823; x_wconf 80' lang='grc' dir='ltr'><strong><em>πρῶτα</em></strong></span> <span class='ocrx_word' id='word_1_199' title='bbox 1825 2752 1946 2805; x_wconf 78' lang='grc' dir='ltr'>τῶν</span> <span class='ocrx_word' id='word_1_200' title='bbox 1987 2741 2148 2804; x_wconf 78' lang='grc' dir='ltr'><strong><em>ἐπῶν</em></strong></span> <span class='ocrx_word' id='word_1_201' title='bbox 2187 2742 2398 2826; x_wconf 78' lang='grc' dir='ltr'>λέγειν.</span> 
     </span>
    </p>
   </div>
   <div class='ocr_carea' id='block_1_8' title="bbox 718 2885 2957 3216">
    <p class='ocr_par' dir='ltr' id='par_1_13' title="bbox 718 2885 2957 3216">
     <span class='ocr_line' id='line_1_26' title="bbox 720 2885 2957 2962; baseline -0.003 -18"><span class='ocrx_word' id='word_1_202' title='bbox 720 2889 825 2945; x_wconf 87' lang='lat' dir='ltr'>huc</span> <span class='ocrx_word' id='word_1_203' title='bbox 867 2890 1141 2962; x_wconf 88' lang='lat' dir='ltr'>pertinere</span> <span class='ocrx_word' id='word_1_204' title='bbox 1171 2887 1364 2944; x_wconf 84' lang='lat' dir='ltr'>Lucilii</span> <span class='ocrx_word' id='word_1_205' title='bbox 1405 2904 1620 2943; x_wconf 86' lang='lat' dir='ltr'>versum</span> <span class='ocrx_word' id='word_1_206' title='bbox 1654 2901 1841 2961; x_wconf 88' lang='lat' dir='ltr'>parum</span> <span class='ocrx_word' id='word_1_207' title='bbox 1871 2885 2220 2961; x_wconf 85' lang='lat' dir='ltr'>probabiliter</span> <span class='ocrx_word' id='word_1_208' title='bbox 2263 2887 2584 2944; x_wconf 86' lang='lat' dir='ltr'>existimavit</span> <span class='ocrx_word' id='word_1_209' title='bbox 2614 2886 2957 2951; x_wconf 62' lang='lat' dir='ltr'>Lachmann,</span> 
     </span>
     <span class='ocr_line' id='line_1_27' title="bbox 720 2967 2956 3046; baseline -0.004 -17"><span class='ocrx_word' id='word_1_210' title='bbox 720 2974 874 3029; x_wconf 89' lang='lat' dir='ltr'>cuius</span> <span class='ocrx_word' id='word_1_211' title='bbox 917 2974 1238 3030; x_wconf 86' lang='lat' dir='ltr'>sententiam</span> <span class='ocrx_word' id='word_1_212' title='bbox 1284 2971 1438 3028; x_wconf 80' lang='lat' dir='ltr'>affert</span> <span class='ocrx_word' id='word_1_213' title='bbox 1466 2971 1761 3028; x_wconf 88' lang='lat' dir='ltr'>Meinekius</span> <span class='ocrx_word' id='word_1_214' title='bbox 1806 2971 1968 3046; x_wconf 79' lang='lat' dir='ltr'>frgm.</span> <span class='ocrx_word' id='word_1_215' title='bbox 2001 2988 2139 3027; x_wconf 87' lang='lat' dir='ltr'>com.</span> <span class='ocrx_word' id='word_1_216' title='bbox 2174 2971 2358 3029; x_wconf 88' lang='lat' dir='ltr'>Graec.</span> <span class='ocrx_word' id='word_1_217' title='bbox 2390 2971 2454 3043; x_wconf 80' lang='lat' dir='ltr'>V,</span> <span class='ocrx_word' id='word_1_218' title='bbox 2485 2967 2586 3030; x_wconf 82' lang='lat'>53.</span> <span class='ocrx_word' id='word_1_219' title='bbox 2658 2973 2840 3027; x_wconf 87' lang='lat' dir='ltr'>maiore</span> <span class='ocrx_word' id='word_1_220' title='bbox 2864 2969 2956 3023; x_wconf 85' lang='lat' dir='ltr'>iure</span> 
     </span>
     <span class='ocr_line' id='line_1_28' title="bbox 718 3055 2955 3131; baseline -0.003 -19"><span class='ocrx_word' id='word_1_221' title='bbox 718 3056 949 3113; x_wconf 87' lang='lat' dir='ltr'>Naekius</span> <span class='ocrx_word' id='word_1_222' title='bbox 995 3073 1183 3131; x_wconf 87' lang='lat' dir='ltr'>opusc.</span> <span class='ocrx_word' id='word_1_223' title='bbox 1231 3056 1271 3127; x_wconf 82' lang='grc'>1,</span> <span class='ocrx_word' id='word_1_224' title='bbox 1320 3056 1441 3113; x_wconf 89' lang='grc'>105</span> <span class='ocrx_word' id='word_1_225' title='bbox 1484 3055 1698 3111; x_wconf 89' lang='lat' dir='ltr'>Pacuvii</span> <span class='ocrx_word' id='word_1_226' title='bbox 1743 3055 2063 3113; x_wconf 87' lang='lat' dir='ltr'>Duloresten</span> <span class='ocrx_word' id='word_1_227' title='bbox 2109 3058 2306 3130; x_wconf 88' lang='lat' dir='ltr'>respici</span> <span class='ocrx_word' id='word_1_228' title='bbox 2354 3056 2596 3131; x_wconf 88' lang='lat' dir='ltr'>putabat.</span> <span class='ocrx_word' id='word_1_229' title='bbox 2681 3065 2955 3130; x_wconf 82' lang='lat' dir='ltr'>quamquam</span> 
     </span>
     <span class='ocr_line' id='line_1_29' title="bbox 718 3135 2955 3216; baseline -0.004 -19"><span class='ocrx_word' id='word_1_230' title='bbox 718 3150 949 3216; x_wconf 87' lang='lat' dir='ltr'>potuere</span> <span class='ocrx_word' id='word_1_231' title='bbox 993 3141 1125 3198; x_wconf 88' lang='lat' dir='ltr'>haec</span> <span class='ocrx_word' id='word_1_232' title='bbox 1168 3141 1235 3196; x_wconf 86' lang='lat' dir='ltr'>de</span> <span class='ocrx_word' id='word_1_233' title='bbox 1282 3142 1472 3216; x_wconf 87' lang='lat' dir='ltr'>quovis</span> <span class='ocrx_word' id='word_1_234' title='bbox 1520 3142 1727 3216; x_wconf 80' lang='lat' dir='ltr'>tragico</span> <span class='ocrx_word' id='word_1_235' title='bbox 1773 3140 1877 3198; x_wconf 85' lang='lat' dir='ltr'>dici</span> <span class='ocrx_word' id='word_1_236' title='bbox 1920 3142 2071 3197; x_wconf 89' lang='lat' dir='ltr'>cuius</span> <span class='ocrx_word' id='word_1_237' title='bbox 2118 3140 2296 3197; x_wconf 79' lang='lat' dir='ltr'>fabula</span> <span class='ocrx_word' id='word_1_238' title='bbox 2339 3140 2481 3197; x_wconf 87' lang='lat' dir='ltr'>bona</span> <span class='ocrx_word' id='word_1_239' title='bbox 2527 3140 2591 3197; x_wconf 89' lang='lat' dir='ltr'>ab</span> <span class='ocrx_word' id='word_1_240' title='bbox 2637 3151 2805 3198; x_wconf 88' lang='lat' dir='ltr'>actore</span> <span class='ocrx_word' id='word_1_241' title='bbox 2843 3135 2955 3192; x_wconf 79' lang='lat' dir='ltr'>malo</span> 
     </span>
    </p>
   </div>
   <div class='ocr_carea' id='block_1_9' title="bbox 718 3234 2470 3383">
    <p class='ocr_par' dir='ltr' id='par_1_14' title="bbox 718 3234 2470 3383">
     <span class='ocr_line' id='line_1_30' title="bbox 718 3234 1181 3301; baseline -0.002 -19"><span class='ocrx_word' id='word_1_242' title='bbox 718 3234 1181 3301; x_wconf 88' lang='lat' dir='ltr'>corrumperetur.</span> 
     </span>
     <span class='ocr_line' id='line_1_31' title="bbox 791 3309 2470 3383; baseline -0.003 -12"><span class='ocrx_word' id='word_1_243' title='bbox 791 3367 798 3371; x_wconf 85' lang='lat'><strong><em>.</em></strong></span> <span class='ocrx_word' id='word_1_244' title='bbox 888 3312 997 3377; x_wconf 81' lang='lat' dir='ltr'>XX,</span> <span class='ocrx_word' id='word_1_245' title='bbox 1045 3313 1101 3368; x_wconf 89' lang='lat'>1.</span> <span class='ocrx_word' id='word_1_246' title='bbox 1178 3312 1413 3367; x_wconf 89' lang='lat' dir='ltr'>imitatus</span> <span class='ocrx_word' id='word_1_247' title='bbox 1459 3320 1543 3367; x_wconf 89' lang='lat' dir='ltr'>est</span> <span class='ocrx_word' id='word_1_248' title='bbox 1588 3311 1841 3367; x_wconf 88' lang='lat' dir='ltr'>Horatius</span> <span class='ocrx_word' id='word_1_249' title='bbox 1887 3319 1986 3369; x_wconf 85' lang='lat' dir='ltr'>sat.</span> <span class='ocrx_word' id='word_1_250' title='bbox 2034 3309 2097 3381; x_wconf 78' lang='lat'>11,</span> <span class='ocrx_word' id='word_1_251' title='bbox 2131 3310 2192 3382; x_wconf 79' lang='lat'>8,</span> <span class='ocrx_word' id='word_1_252' title='bbox 2228 3311 2327 3383; x_wconf 77' lang='lat'>10,</span> <span class='ocrx_word' id='word_1_253' title='bbox 2363 3312 2470 3367; x_wconf 83' lang='lat'>11:</span> 
     </span>
    </p>
   </div>
   <div class='ocr_carea' id='block_1_10' title="bbox 895 3430 2333 3591">
    <p class='ocr_par' dir='ltr' id='par_1_15' title="bbox 895 3430 2333 3591">
     <span class='ocr_line' id='line_1_32' title="bbox 971 3430 2333 3508; baseline -0.001 -21"><span class='ocrx_word' id='word_1_254' title='bbox 971 3432 1055 3488; x_wconf 89' lang='lat' dir='ltr'>his</span> <span class='ocrx_word' id='word_1_255' title='bbox 1101 3432 1190 3487; x_wconf 89' lang='lat' dir='ltr'>ubi</span> <span class='ocrx_word' id='word_1_256' title='bbox 1233 3430 1460 3487; x_wconf 88' lang='lat' dir='ltr'>sublatis</span> <span class='ocrx_word' id='word_1_257' title='bbox 1504 3448 1641 3508; x_wconf 88' lang='lat' dir='ltr'>puer</span> <span class='ocrx_word' id='word_1_258' title='bbox 1684 3431 1791 3488; x_wconf 87' lang='lat' dir='ltr'>alte</span> <span class='ocrx_word' id='word_1_259' title='bbox 1836 3432 2043 3487; x_wconf 89' lang='lat' dir='ltr'>cinctus</span> <span class='ocrx_word' id='word_1_260' title='bbox 2089 3446 2333 3487; x_wconf 89' lang='lat' dir='ltr'>acernam</span> 
     </span>
     <span class='ocr_line' id='line_1_33' title="bbox 895 3513 2126 3591; baseline -0.001 -19"><span class='ocrx_word' id='word_1_261' title='bbox 895 3513 906 3522; x_wconf 86' lang='lat'><em>&#39;</em></span> <span class='ocrx_word' id='word_1_262' title='bbox 971 3534 1208 3591; x_wconf 87' lang='lat' dir='ltr'>gausape</span> <span class='ocrx_word' id='word_1_263' title='bbox 1253 3532 1529 3590; x_wconf 88' lang='lat' dir='ltr'>purpureo</span> <span class='ocrx_word' id='word_1_264' title='bbox 1574 3532 1812 3572; x_wconf 85' lang='lat' dir='ltr'>mensam</span> <span class='ocrx_word' id='word_1_265' title='bbox 1855 3517 2126 3590; x_wconf 86' lang='lat' dir='ltr'>pertersit.</span> 
     </span>
    </p>
   </div>
   <div class='ocr_carea' id='block_1_11' title="bbox 714 3632 2956 4470">
    <p class='ocr_par' dir='ltr' id='par_1_16' title="bbox 714 3632 2956 4470">
     <span class='ocr_line' id='line_1_34' title="bbox 885 3632 2954 3709; baseline -0.005 -18"><span class='ocrx_word' id='word_1_266' title='bbox 885 3635 943 3691; x_wconf 90' lang='lat'>3.</span> <span class='ocrx_word' id='word_1_267' title='bbox 1019 3636 1124 3692; x_wconf 92' lang='lat' dir='ltr'>hoc</span> <span class='ocrx_word' id='word_1_268' title='bbox 1166 3636 1527 3709; x_wconf 84' lang='lat' dir='ltr'>fragmentum</span> <span class='ocrx_word' id='word_1_269' title='bbox 1572 3652 1671 3690; x_wconf 91' lang='lat' dir='ltr'>cur</span> <span class='ocrx_word' id='word_1_270' title='bbox 1724 3635 1813 3690; x_wconf 85' lang='lat' dir='ltr'>XX</span> <span class='ocrx_word' id='word_1_271' title='bbox 1867 3636 2050 3708; x_wconf 88' lang='lat' dir='ltr'>potius</span> <span class='ocrx_word' id='word_1_272' title='bbox 2107 3652 2267 3709; x_wconf 88' lang='lat' dir='ltr'>quam</span> <span class='ocrx_word' id='word_1_273' title='bbox 2324 3634 2456 3692; x_wconf 86' lang='lat' dir='ltr'>XXX</span> <span class='ocrx_word' id='word_1_274' title='bbox 2515 3636 2652 3693; x_wconf 89' lang='lat' dir='ltr'>libro</span> <span class='ocrx_word' id='word_1_275' title='bbox 2708 3632 2954 3691; x_wconf 79' lang='lat' dir='ltr'>tribuerem</span> 
     </span>
     <span class='ocr_line' id='line_1_35' title="bbox 717 3718 2955 3795; baseline 0 -21"><span class='ocrx_word' id='word_1_276' title='bbox 717 3719 915 3793; x_wconf 85' lang='lat' dir='ltr'>duplex</span> <span class='ocrx_word' id='word_1_277' title='bbox 962 3719 1065 3775; x_wconf 82' lang='lat' dir='ltr'>suit</span> <span class='ocrx_word' id='word_1_278' title='bbox 1108 3737 1289 3776; x_wconf 85' lang='lat' dir='ltr'>causa.</span> <span class='ocrx_word' id='word_1_279' title='bbox 1366 3723 1595 3794; x_wconf 88' lang='lat' dir='ltr'>primum</span> <span class='ocrx_word' id='word_1_280' title='bbox 1626 3722 1769 3776; x_wconf 88' lang='lat' dir='ltr'>enim</span> <span class='ocrx_word' id='word_1_281' title='bbox 1799 3727 1923 3793; x_wconf 86' lang='lat' dir='ltr'>apte</span> <span class='ocrx_word' id='word_1_282' title='bbox 1956 3720 2081 3776; x_wconf 78' lang='lat' dir='ltr'>iacit</span> <span class='ocrx_word' id='word_1_283' title='bbox 2111 3719 2174 3775; x_wconf 84' lang='lat' dir='ltr'>ad</span> <span class='ocrx_word' id='word_1_284' title='bbox 2205 3736 2367 3776; x_wconf 86' lang='lat' dir='ltr'>cenae</span> <span class='ocrx_word' id='word_1_285' title='bbox 2396 3718 2819 3795; x_wconf 82' lang='lat' dir='ltr'>descriptionem,</span> <span class='ocrx_word' id='word_1_286' title='bbox 2852 3729 2955 3788; x_wconf 69' lang='lat' dir='ltr'>qua·</span> 
     </span>
     <span class='ocr_line' id='line_1_36' title="bbox 718 3803 2954 3880; baseline -0 -21"><span class='ocrx_word' id='word_1_287' title='bbox 718 3805 822 3860; x_wconf 88' lang='lat' dir='ltr'>lem</span> <span class='ocrx_word' id='word_1_288' title='bbox 867 3803 1034 3860; x_wconf 82' lang='lat' dir='ltr'>fuisse</span> <span class='ocrx_word' id='word_1_289' title='bbox 1079 3805 1131 3859; x_wconf 90' lang='lat' dir='ltr'>in</span> <span class='ocrx_word' id='word_1_290' title='bbox 1175 3804 1270 3861; x_wconf 88' lang='lat' dir='ltr'>illo</span> <span class='ocrx_word' id='word_1_291' title='bbox 1317 3804 1589 3861; x_wconf 88' lang='lat' dir='ltr'>volumine</span> <span class='ocrx_word' id='word_1_292' title='bbox 1618 3813 1854 3873; x_wconf 81' lang='lat' dir='ltr'>constat,</span> <span class='ocrx_word' id='word_1_293' title='bbox 1899 3821 2008 3861; x_wconf 92' lang='lat' dir='ltr'>non</span> <span class='ocrx_word' id='word_1_294' title='bbox 2040 3812 2255 3860; x_wconf 85' lang='lat' dir='ltr'>constat</span> <span class='ocrx_word' id='word_1_295' title='bbox 2284 3806 2339 3860; x_wconf 90' lang='lat' dir='ltr'>in</span> <span class='ocrx_word' id='word_1_296' title='bbox 2370 3804 2492 3863; x_wconf 86' lang='lat' dir='ltr'>hoc.</span> <span class='ocrx_word' id='word_1_297' title='bbox 2569 3813 2829 3880; x_wconf 85' lang='lat' dir='ltr'>praeterea</span> <span class='ocrx_word' id='word_1_298' title='bbox 2856 3811 2954 3854; x_wconf 81' lang='lat' dir='ltr'>cum</span> 
     </span>
     <span class='ocr_line' id='line_1_37' title="bbox 714 3883 2955 3963; baseline -0.001 -18"><span class='ocrx_word' id='word_1_299' title='bbox 714 3889 751 3945; x_wconf 92' lang='lat' dir='ltr'>l.</span> <span class='ocrx_word' id='word_1_300' title='bbox 786 3888 919 3945; x_wconf 87' lang='lat' dir='ltr'>XXX</span> <span class='ocrx_word' id='word_1_301' title='bbox 963 3888 1398 3963; x_wconf 80' lang='lat' dir='ltr'>frequentissime</span> <span class='ocrx_word' id='word_1_302' title='bbox 1429 3892 1668 3946; x_wconf 87' lang='lat' dir='ltr'>omnium</span> <span class='ocrx_word' id='word_1_303' title='bbox 1697 3888 2001 3946; x_wconf 86' lang='lat' dir='ltr'>adbibuerit</span> <span class='ocrx_word' id='word_1_304' title='bbox 2043 3889 2271 3958; x_wconf 80' lang='lat' dir='ltr'>NoniuS‚</span> <span class='ocrx_word' id='word_1_305' title='bbox 2317 3897 2497 3946; x_wconf 88' lang='lat' dir='ltr'>tamen</span> <span class='ocrx_word' id='word_1_306' title='bbox 2540 3904 2817 3963; x_wconf 80' lang='lat' dir='ltr'>numquam</span> <span class='ocrx_word' id='word_1_307' title='bbox 2853 3883 2955 3938; x_wconf 69' lang='lat' dir='ltr'>cita·</span> 
     </span>
     <span class='ocr_line' id='line_1_38' title="bbox 717 3969 2952 4047; baseline -0.002 -17"><span class='ocrx_word' id='word_1_308' title='bbox 717 3976 794 4030; x_wconf 87' lang='lat' dir='ltr'>vit</span> <span class='ocrx_word' id='word_1_309' title='bbox 837 3990 951 4047; x_wconf 84' lang='lat' dir='ltr'>cap.</span> <span class='ocrx_word' id='word_1_310' title='bbox 999 3973 1099 4042; x_wconf 76' lang='lat'>1113</span> <span class='ocrx_word' id='word_1_311' title='bbox 1146 3973 1292 4047; x_wconf 90' lang='lat' dir='ltr'>quod</span> <span class='ocrx_word' id='word_1_312' title='bbox 1338 3981 1529 4030; x_wconf 89' lang='lat' dir='ltr'>contra</span> <span class='ocrx_word' id='word_1_313' title='bbox 1573 3975 1663 4030; x_wconf 91' lang='lat' dir='ltr'>XX</span> <span class='ocrx_word' id='word_1_314' title='bbox 1706 3982 1968 4030; x_wconf 81' lang='lat' dir='ltr'>memorat</span> <span class='ocrx_word' id='word_1_315' title='bbox 2014 3976 2173 4030; x_wconf 87' lang='lat' dir='ltr'>etiam</span> <span class='ocrx_word' id='word_1_316' title='bbox 2219 3974 2273 4029; x_wconf 91' lang='lat' dir='ltr'>in</span> <span class='ocrx_word' id='word_1_317' title='bbox 2319 3974 2509 4031; x_wconf 86' lang='lat' dir='ltr'>codem</span> <span class='ocrx_word' id='word_1_318' title='bbox 2554 3993 2601 4032; x_wconf 80' lang='lat' dir='ltr'>s,</span> <span class='ocrx_word' id='word_1_319' title='bbox 2648 3993 2694 4031; x_wconf 85' lang='lat' dir='ltr'>v.</span> <span class='ocrx_word' id='word_1_320' title='bbox 2739 3969 2952 4029; x_wconf 75' lang='lat' dir='ltr'>coluber.</span> 
     </span>
     <span class='ocr_line' id='line_1_39' title="bbox 719 4057 2954 4134; baseline 0 -19"><span class='ocrx_word' id='word_1_321' title='bbox 719 4090 797 4100; x_wconf 92' lang='lat'>-—</span> <span class='ocrx_word' id='word_1_322' title='bbox 820 4061 1217 4131; x_wconf 79' lang='lat' dir='ltr'>pulmentaria</span> <span class='ocrx_word' id='word_1_323' title='bbox 1250 4066 1323 4128; x_wconf 77' lang='lat' dir='ltr'>et,</span> <span class='ocrx_word' id='word_1_324' title='bbox 1357 4057 1521 4131; x_wconf 83' lang='lat' dir='ltr'>vulgo</span> <span class='ocrx_word' id='word_1_325' title='bbox 1554 4060 1760 4134; x_wconf 82' lang='lat' dir='ltr'>legitur</span> <span class='ocrx_word' id='word_1_326' title='bbox 1784 4061 2176 4131; x_wconf 82' lang='lat' dir='ltr'>pulmentaria</span> <span class='ocrx_word' id='word_1_327' title='bbox 2206 4068 2290 4131; x_wconf 82' lang='lat' dir='ltr'>ut,</span> <span class='ocrx_word' id='word_1_328' title='bbox 2325 4076 2617 4132; x_wconf 81' lang='lat' dir='ltr'>sanequam</span> <span class='ocrx_word' id='word_1_329' title='bbox 2644 4061 2831 4133; x_wconf 77' lang='lat' dir='ltr'>inepte,</span> <span class='ocrx_word' id='word_1_330' title='bbox 2856 4064 2954 4108; x_wconf 66' lang='lat'><strong>”³¹¹¹</strong></span> 
     </span>
     <span class='ocr_line' id='line_1_40' title="bbox 717 4144 2954 4215; baseline -0.001 -17"><span class='ocrx_word' id='word_1_331' title='bbox 717 4145 861 4201; x_wconf 84' lang='lat' dir='ltr'>aliud</span> <span class='ocrx_word' id='word_1_332' title='bbox 908 4160 1029 4201; x_wconf 89' lang='lat' dir='ltr'>esse</span> <span class='ocrx_word' id='word_1_333' title='bbox 1068 4146 1486 4215; x_wconf 82' lang='lat' dir='ltr'>pulmentaria,</span> <span class='ocrx_word' id='word_1_334' title='bbox 1546 4144 1689 4200; x_wconf 89' lang='lat' dir='ltr'>aliud</span> <span class='ocrx_word' id='word_1_335' title='bbox 1743 4144 2000 4202; x_wconf 78' lang='lat' dir='ltr'>intubum</span> <span class='ocrx_word' id='word_1_336' title='bbox 2043 4152 2247 4200; x_wconf 89' lang='lat' dir='ltr'>norunt</span> <span class='ocrx_word' id='word_1_337' title='bbox 2298 4145 2377 4201; x_wconf 89' lang='lat' dir='ltr'>rei</span> <span class='ocrx_word' id='word_1_338' title='bbox 2423 4144 2710 4202; x_wconf 83' lang='lat' dir='ltr'>culinariae</span> <span class='ocrx_word' id='word_1_339' title='bbox 2747 4146 2954 4196; x_wconf 72' lang='lat' dir='ltr'>veterum</span> 
     </span>
     <span class='ocr_line' id='line_1_41' title="bbox 716 4214 2953 4303; baseline -0.002 -18"><span class='ocrx_word' id='word_1_340' title='bbox 716 4230 894 4303; x_wconf 89' lang='lat' dir='ltr'>periti.</span> <span class='ocrx_word' id='word_1_341' title='bbox 942 4259 1027 4271; x_wconf 90' lang='lat'>-—·</span> <span class='ocrx_word' id='word_1_342' title='bbox 1070 4245 1170 4285; x_wconf 90' lang='lat' dir='ltr'>nec</span> <span class='ocrx_word' id='word_1_343' title='bbox 1212 4245 1341 4285; x_wconf 82' lang='lat' dir='ltr'>vero</span> <span class='ocrx_word' id='word_1_344' title='bbox 1388 4228 1454 4283; x_wconf 86' lang='lat' dir='ltr'>de</span> <span class='ocrx_word' id='word_1_345' title='bbox 1498 4229 1812 4285; x_wconf 89' lang='lat' dir='ltr'>coniectura</span> <span class='ocrx_word' id='word_1_346' title='bbox 1857 4228 2138 4284; x_wconf 86' lang='lat' dir='ltr'>intulimus</span> <span class='ocrx_word' id='word_1_347' title='bbox 2167 4227 2356 4284; x_wconf 86' lang='lat' dir='ltr'>Lucilii</span> <span class='ocrx_word' id='word_1_348' title='bbox 2401 4228 2579 4287; x_wconf 86' lang='lat' dir='ltr'>verbis</span> <span class='ocrx_word' id='word_1_349' title='bbox 2607 4227 2733 4288; x_wconf 88' lang='lat' dir='ltr'>illud</span> <span class='ocrx_word' id='word_1_350' title='bbox 2773 4231 2841 4294; x_wconf 79' lang='lat' dir='ltr'>et,</span> <span class='ocrx_word' id='word_1_351' title='bbox 2877 4214 2953 4274; x_wconf 79' lang='lat' dir='ltr'>sed</span> 
     </span>
     <span class='ocr_line' id='line_1_42' title="bbox 718 4307 2954 4389; baseline -0.001 -21"><span class='ocrx_word' id='word_1_352' title='bbox 718 4316 1083 4370; x_wconf 88' lang='lat' dir='ltr'>revocavimus</span> <span class='ocrx_word' id='word_1_353' title='bbox 1127 4313 1249 4371; x_wconf 90' lang='lat' dir='ltr'>cdd.</span> <span class='ocrx_word' id='word_1_354' title='bbox 1294 4313 1619 4389; x_wconf 83' lang='lat' dir='ltr'>scripturam</span> <span class='ocrx_word' id='word_1_355' title='bbox 1665 4330 1802 4386; x_wconf 87' lang='lat' dir='ltr'>quae</span> <span class='ocrx_word' id='word_1_356' title='bbox 1845 4330 1940 4387; x_wconf 81' lang='lat' dir='ltr'>pg.</span> <span class='ocrx_word' id='word_1_357' title='bbox 1973 4313 2094 4371; x_wconf 88' lang='grc'>208</span> <span class='ocrx_word' id='word_1_358' title='bbox 2141 4313 2459 4370; x_wconf 82' lang='lat' dir='ltr'>emendandi</span> <span class='ocrx_word' id='word_1_359' title='bbox 2502 4331 2660 4372; x_wconf 85' lang='lat' dir='ltr'>causa</span> <span class='ocrx_word' id='word_1_360' title='bbox 2698 4307 2954 4381; x_wconf 76' lang='lat' dir='ltr'>antiquitus</span> 
     </span>
     <span class='ocr_line' id='line_1_43' title="bbox 718 4393 2956 4470; baseline -0.001 -19"><span class='ocrx_word' id='word_1_361' title='bbox 718 4397 895 4454; x_wconf 86' lang='lat' dir='ltr'>addita</span> <span class='ocrx_word' id='word_1_362' title='bbox 939 4399 994 4452; x_wconf 93' lang='lat' dir='ltr'>in</span> <span class='ocrx_word' id='word_1_363' title='bbox 1038 4398 1268 4453; x_wconf 87' lang='lat' dir='ltr'>alienum</span> <span class='ocrx_word' id='word_1_364' title='bbox 1311 4397 1491 4453; x_wconf 89' lang='lat' dir='ltr'>locum</span> <span class='ocrx_word' id='word_1_365' title='bbox 1537 4396 1798 4454; x_wconf 86' lang='lat' dir='ltr'>derrarat.</span> <span class='ocrx_word' id='word_1_366' title='bbox 1843 4427 1926 4438; x_wconf 92' lang='lat'>—-</span> <span class='ocrx_word' id='word_1_367' title='bbox 1971 4413 2302 4470; x_wconf 79' lang='lat' dir='ltr'>menarum,</span> <span class='ocrx_word' id='word_1_368' title='bbox 2356 4399 2432 4455; x_wconf 91' lang='lat' dir='ltr'>ita</span> <span class='ocrx_word' id='word_1_369' title='bbox 2475 4409 2625 4456; x_wconf 86' lang='lat' dir='ltr'>recte</span> <span class='ocrx_word' id='word_1_370' title='bbox 2665 4393 2852 4470; x_wconf 82' lang='lat' dir='ltr'>scripti.</span> <span class='ocrx_word' id='word_1_371' title='bbox 2888 4414 2956 4428; x_wconf 90' lang='lat'>-·</span> 
     </span>
    </p>
   </div>
   <div class='ocr_carea' id='block_1_12' title="bbox 359 4775 1999 5039">
    <p class='ocr_par' dir='ltr' id='par_1_17' title="bbox 359 4656 1999 5039">
     <span class='ocr_line' id='line_1_44' title="bbox 359 4775 1999 5039; baseline 0.001 -1"><span class='ocrx_word' id='word_1_372' title='bbox 359 4775 1999 5039; x_wconf 45' lang='lat' dir='ltr'>ssaffirm)</span> 
     </span>
    </p>
   </div>
   <div class='ocr_carea' id='block_1_13' title="bbox 1999 4778 2000 5040">
    <p class='ocr_par' dir='ltr' id='par_1_18' title="bbox 1999 4778 2000 5040">
     <span class='ocr_line' id='line_1_45' title="bbox 1999 4778 2000 5040; baseline 0 35"><span class='ocrx_word' id='word_1_373' title='bbox 1999 4778 2000 5040; x_wconf 95' lang='lat' dir='ltr'> </span> 
     </span>
    </p>
   </div>
   <div class='ocr_carea' id='block_1_14' title="bbox 3117 33 3156 5039">
    <p class='ocr_par' dir='ltr' id='par_1_19' title="bbox 3117 33 3156 5039">
     <span class='ocr_line' id='line_1_46' title="bbox 3117 33 3156 5039; baseline 0 0"><span class='ocrx_word' id='word_1_374' title='bbox 3117 33 3156 5039; x_wconf 95' lang='lat' dir='ltr'> </span> 
     </span>
    </p>
   </div>
  </div>
 </body>
</html>
