3267 5075
710 380 842 445 234
1652 382 1870 471 mae
1903 382 2050 437 xm.

877 549 1006 622 xm,
1057 550 1109 606 1.
1186 550 1319 605 illud
1365 568 1492 606 cum
1535 551 1678 606 euni.
1725 541 1908 622 po'tius
1953 540 2129 622 quam⁸
2156 565 2340 622 praep.
2389 564 2510 603 esse
2552 549 2794 604 existimo.

878 634 937 691 2.
994 635 1045 690 Ιι.
1083 635 1118 691 l.
1153 652 1334 689 vanam
1365 635 1750 708 imperatorum
1783 633 2143 689 Romanorum
2174 635 2264 706 qui
2298 633 2556 706 triumphi
2596 633 2780 689 honore
2807 642 2945 706 pote-

708 727 898 774 rentur
926 721 1295 793 perstringere
1324 720 1537 775 videtur
1563 719 1800 775 Lucilius
1842 717 2167 791 superbiam.
2220 747 2292 758 —
2340 718 2693 790 praecessisse
2731 719 2947 773 existimo
3024 766 3029 769 .

707 802 903 877 quibus
948 805 1202 860 victorias
1248 804 1472 859 militum
1519 806 1862 876 potissimum
1905 805 2103 859 virtute
2148 811 2204 857 et
2247 801 2514 858 industria
2566 803 2729 874 parari
2768 818 2948 858 memo·
3034 836 3050 855 .

707 897 880 956 raret3
926 889 995 944 cl'.
1043 888 1193 944 Curt.
1226 889 1356 959 vul,
1394 890 1448 958 1,
1481 889 1559 946 28
1594 889 1774 945 Clitus
1804 889 2103 960 Euripidis
2138 882 2425 962 [Androm.
2463 881 2802 961 693—698]
2849 893 2948 943 rel-

708 976 836 1030 lulic
878 990 1136 1039 carmen,
1182 992 1294 1046 quo
1338 975 1781 1047 siqnificabalur
1824 975 1971 1029 male
2014 974 2327 1029 instituisse
2358 966 2636 1043 Graecos,
2674 974 2813 1045 quod
2848 978 2945 1027 tro-

697 1062 871 1129 paeis
912 1076 1109 1132 reyum
1165 1061 1470 1114 dumtaxat
1525 1062 1753 1115 nomina
1809 1057 2220 1115 inscriberent.-
2274 1059 2465 1113 alieno
2520 1059 2664 1112 enim
2700 1059 2948 1130 sanquine

704 1150 938 1215 partam
979 1145 1223 1217 yloriam
1265 1145 1556 1214 intercipi.

878 1229 934 1284 3.
1005 1229 1330 1301 fatumque,
1373 1227 1737 1307 supplendum
1774 1222 2009 1299 parile)

877 1311 932 1367 4.
1006 1315 1374 1383 pauperiliue
1429 1330 1527 1385 pro
1570 1329 1804 1384 pauper
1854 1314 1971 1376 uli:
2029 1313 2104 1367 ita
2157 1311 2295 1367 infra
2341 1311 2539 1381 XXVII,
2575 1312 2648 1367 12
2680 1314 2819 1367 »aliti
2864 1328 2948 1382 pro

708 1404 842 1459 aut‚·
884 1396 1038 1468 XXX,
1084 1397 1162 1453 39
1208 1400 1365 1453 illiae
1408 1415 1510 1470 pro
1551 1399 1687 1453 illei.
1746 1426 1830 1438 --
1885 1405 2124 1453 ceterum
2171 1411 2308 1469 quae
2350 1404 2654 1470 sequnntur
2696 1396 2829 1468 apud
2862 1395 2949 1450 No·

708 1483 852 1536 nium
898 1480 1171 1537 Ciceronis
1227 1480 1263 1537 l.
1312 1481 1362 1537 d.
1407 1499 1519 1554 rep.
1566 1481 1632 1537 lll
1691 1482 1949 1537 attributa
2005 1488 2060 1537 et
2104 1499 2217 1539 non
2254 1496 2494 1552 pauper
2536 1482 2620 1537 uti
2668 1484 2837 1538 oratio
2884 1480 2949 1548 (in

707 1564 902 1638 quibus
944 1565 1075 1621 illud
1122 1570 1307 1623 oracio
1352 1566 1417 1621 ad
1461 1569 1765 1639 proximum
1811 1583 1875 1622 ex
1907 1566 1970 1622 Vl
2016 1567 2382 1621 testimonium
2429 1567 2699 1638 pertinere
2736 1566 2829 1620 iam
2855 1580 2951 1619 me-

707 1653 825 1706 nuit
869 1647 1073 1722 lunius)
1131 1652 1310 1707 sintne
1366 1668 1551 1706 revera
1605 1650 1793 1716 Tullii,
1853 1667 2012 1724 quem
2067 1649 2231 1706 etiam
2272 1651 2326 1705 in
2381 1651 2490 1706 isto
2547 1666 2710 1722 opere
2750 1657 2808 1704 ut
2843 1649 2952 1703 alias

705 1735 893 1791 Lucilii
938 1752 1227 1791 memorem
1261 1735 1428 1791 fnisse
1459 1737 1677 1806 scimus,
1722 1753 1788 1790 an
1819 1737 1875 1791 in
1905 1735 2146 1808 margine
2176 1736 2475 1807 antIquitus
2507 1734 2684 1790 addita
2712 1733 2771 1788 ad
2799 1749 2951 1789 emen·

706 1820 937 1875 dandum
985 1820 1035 1876 id
1084 1820 1229 1893 quod
1275 1828 1360 1875 est
1406 1824 1782 1892 pauper-iliae
1826 1828 1885 1876 et
1926 1837 2051 1874 mox
2109 1819 2283 1874 alieno
2338 1818 2463 1875 Ioco
2518 1819 2664 1874 illata
2714 1817 2951 1874 Ciceronis

708 1904 865 1959 verba
912 1906 1248 1978 expulerint,
1305 1922 1412 1960 non
1460 1906 1561 1960 iam
1607 1905 1736 1961 licet
1794 1912 1946 1960 certo
2003 1902 2228 1959 definiri.
2318 1905 2545 1977 propius
2601 1903 2729 1959 adeo
2780 1920 2807 1958 a
2846 1917 2951 1955 vero

708 1989 795 2044 illa
841 1991 935 2045 lib.
981 1989 1081 2045 III
1114 2019 1192 2029 --
1227 1996 1280 2045 et
1325 1993 1382 2045 in
1429 1991 1650 2045 omnino
1694 1988 2070 2063 expungenda.

877 2073 932 2128 5.
1006 2075 1069 2128 ad
1116 2074 1221 2128 hoc
1266 2073 1624 2146 fragmentum
1670 2075 1833 2129 simul
1889 2081 1944 2128 et
1987 2073 2053 2128 ad
2095 2071 2232 2129 illud
2278 2072 2424 2145 quod
2468 2073 2671 2147 legitur
2718 2090 2796 2146 ap.
2839 2070 2953 2126 Non.

707 2158 847 2226 513,
885 2158 961 2213 13
1008 2159 1243 2228 pertinet
1288 2158 1541 2214 Prisciani
1584 2158 1716 2214 illud
1752 2158 1917 2216 1010
1959 2158 2217 2215 Lucilius
2261 2160 2528 2229 ampliter
2572 2161 2859 2230 iynaviler.
2884 2184 2954 2214 -.·

707 2243 926 2297 omnino
971 2241 1219 2297 adverbia
1262 2259 1398 2315 quae
1442 2243 1702 2317 leguntur
1743 2242 1817 2299 ib.
1862 2241 1929 2298 ab
1970 2242 2064 2298 illo
2108 2246 2391 2298 insaniter
2436 2258 2610 2320 usque
2652 2241 2714 2296 ad
2756 2240 2804 2297 id
2833 2237 2954 2313 quod

708 2334 792 2381 est
834 2330 1166 2397 properiter
1208 2328 1375 2400 petita
1421 2345 1486 2382 ex
1531 2327 1688 2384 Nouii
1735 2344 1851 2401 cap.
1897 2327 1983 2382 XI.
2074 2326 2124 2382 id
2171 2328 2215 2381 si
2261 2328 2631 2399 respexissent
2670 2324 2953 2383 Ribbeckius

706 2419 761 2466 et
807 2411 1107 2481 VahlenuS‚
1152 2421 1405 2483 poterant
1450 2429 1690 2468 errorem
1748 2410 1980 2482 evitare,
2038 2428 2196 2484 quem
2242 2413 2560 2467 commisere
2613 2411 2702 2467 ille
2745 2412 2794 2465 in
2835 2418 2952 2478 trag.

708 2495 800 2551 lat.
834 2495 932 2553 rel.
964 2514 1057 2570 pg.
1094 2496 1195 2568 62,
1228 2497 1317 2552 hic
1358 2497 1413 2552 in
1442 2495 1597 2553 Ennii
1626 2495 1819 2570 fragm.
1860 2512 2070 2553 recenS.
2108 2495 2246 2554 180.
2291 2524 2375 2536 --
2420 2497 2802 2553 accumbimus
2828 2508 2954 2550 men·

707 2596 863 2644 sam;
908 2582 984 2636 ita
1027 2582 1217 2637 Accius
1264 2582 1385 2652 217
1430 2598 1503 2638 ne
1547 2586 1850 2655 quisquam
1896 2583 2197 2639 accumbat
2240 2597 2525 2644 mensam‚·
2569 2579 2725 2637 Luer.
2769 2581 2826 2650 V,
2856 2576 2954 2635 608

708 2668 979 2736 stipulam
1026 2668 1298 2722 accidere
1342 2668 1644 2728 inccndia;
1699 2665 1906 2722 Caelius
1964 2666 2137 2721 anuali
2183 2665 2247 2720 Vl
2303 2682 2496 2722 omnes
2551 2668 2715 2722 simul
2769 2672 2956 2720 terram

709 2767 837 2807 cum
870 2753 1050 2807 classi
1076 2754 1382 2807 accedunt.
1429 2781 1514 2792 --
1558 2767 1878 2825 quamquam
1909 2768 2033 2807 cum
2061 2752 2114 2806 in
2147 2749 2296 2805 libris
2325 2751 2397 2805 sit
2427 2758 2741 2806 constanter
2767 2763 2954 2815 mensa,

705 2837 955 2908 suspicor
998 2835 1317 2909 plerumque
1361 2835 1572 2891 dedisse
1617 2835 1877 2891 Lucilium
1924 2839 2226 2892 extructui
2253 2864 2328 2873 —
2363 2839 2602 2895 mensui.

880 2920 935 2975 7.
1013 2923 1236 2992 epulai,·
1289 2919 1487 2975 Paulus
1533 2920 1612 2976 82
1675 2922 1903 2991 epulam
1960 2922 2185 2992 tentiqui
2238 2922 2409 2975 eliam
2462 2922 2828 2992 sinyularilcr
2873 2931 2955 2986 po-

707 3020 911 3075 suere;
965 3003 1054 3058 ubi
1100 3004 1253 3060 all'ert
1298 3003 1588 3060 Muellerus
1643 3020 1758 3078 cap.
1808 3003 1887 3061 35
1942 3003 2203 3062 itinerarii
2257 3003 2579 3073 Alexandri,
2637 3002 2777 3077 quod
2818 2999 2956 3055 Maius

706 3090 934 3161 primum
981 3087 1168 3144 edidit.
1230 3119 1305 3128 —
1362 3096 1600 3144 ceterum
1649 3088 1882 3143 Lucilius
1929 3097 2116 3162 aperte
2160 3088 2450 3159 distinguit
2494 3088 2640 3143 inter
2682 3087 2874 3160 epulam
2913 3089 2956 3136 et

706 3171 957 3246 epulum,
1013 3181 1075 3227 ut
1118 3174 1225 3228 hoc
1269 3174 1630 3246 pretiosorum
1677 3182 1731 3229 et
1774 3189 2053 3244 rarorum,
2108 3172 2250 3228 illam
2296 3171 2478 3227 vilium
2524 3181 2581 3228 et
2631 3170 2954 3229 communium

706 3257 949 3313 ciborum
993 3274 1114 3313 esse
1156 3257 1318 3313 dicat.

876 3343 934 3398 8.
1008 3342 1190 3399 Iuven.
1239 3343 1299 3413 9,
1346 3341 1383 3398 5

960 3489 1061 3527 nos
1106 3471 1391 3547 colaphum
1435 3473 1724 3528 incutimus
1768 3472 2027 3528 lambenti
2073 3470 2313 3528 crustula
2359 3483 2552 3539 servo;

707 3614 813 3664 cet.
859 3608 929 3664 cf.
977 3608 1149 3663 Bentl.
1195 3610 1258 3664 ad
1308 3610 1435 3666 llor.
1483 3618 1582 3681 sat.
1630 3610 1691 3681 ΙΙ,
1727 3611 1785 3681 6,
1821 3610 1958 3667 109.

877 3692 933 3748 9.
1008 3694 1252 3749 dominia
1300 3693 1633 3768 trisyllabum
1680 3703 1951 3751 attenuata
1997 3702 2053 3749 et
2096 3692 2487 3767 propemodum
2533 3699 2775 3765 exempla
2814 3692 2856 3751 i‚·
2899 3682 2954 3739 ssf·

707 3775 760 3831 d.
793 3793 837 3830 r.
870 3792 944 3831 m.
979 3775 1122 3832 249.
1196 3787 1311 3834 erat
1353 3797 1475 3835 cum
1519 3779 1797 3835 crederem
1827 3778 2089 3835 Lucilium
2137 3778 2335 3833 dixisse
2366 3780 2596 3832 domina
2643 3777 2778 3834 sicut
2809 3770 2956 3828 Attius

706 3860 840 3916 dixit
884 3878 1130 3933 auqura.
1221 3863 1316 3918 sed
1361 3867 1559 3919 mutavi
1603 3865 1945 3920 sententiam.
1993 3893 2075 3902 —
2120 3866 2311 3919 omnia
2355 3860 2697 3934 disyllabum.

881 3945 976 4002 10.
1054 3945 1367 4017 Syracusis
1412 3953 1566 4012 sola,·
1608 3947 1837 4004 videnda
1867 3964 2003 4020 quae
2047 3947 2294 4003 dicentur
2327 3945 2391 4001 ad
2435 3947 2540 4001 inc.
2576 3946 2677 4003 23.
2746 3955 2954 4017 pasceo-

705 4034 820 4101 lus‚
865 4023 1198 4102 φάσκωλοςρ
1241 4050 1282 4103 p
1327 4049 1427 4105 pro
1454 4034 1536 4104 pk
1581 4034 1756 4106 posita
1803 4040 1863 4087 ut
1893 4033 2120 4102 Pilipus
2150 4048 2250 4105 pro
2282 4025 2602 4101 Φίλιππος,
2651 4030 2850 4087 Prunis
2874 4037 2954 4096 pro

711 4108 943 4189 Φρυνὶς
988 4115 1042 4171 iu
1087 4115 1439 4189 inscriptione
1484 4117 1767 4189 parietaria
1811 4117 2133 4188 Pompeiana
2182 4110 2257 4191 [c.
2306 4116 2341 4170 i.
2385 4114 2501 4171 Lat.
2550 4114 2638 4170 llll
2682 4132 2738 4171 n.
2770 4099 2952 4180 2953]-

706 4200 786 4255 sic
829 4206 1143 4255 constanter
1185 4199 1373 4257 Lucilii
1418 4200 1686 4273 aequales,
1778 4203 1972 4257 -eolus
2015 4217 2114 4273 pro
2163 4199 2333 4270 ωλος,
2379 4200 2520 4255 sieut
2565 4200 2837 4273 Augustus
2874 4194 2953 4248 ba-

708 4288 926 4340 ceolum
969 4284 1148 4340 dicere
1192 4285 1402 4342 solebat
1447 4302 1607 4358 quem
1654 4285 1841 4342 Graeci
1894 4280 2159 4360 βάκηλον
2201 4283 2400 4340 inflexo
2457 4292 2684 4340 externo
2730 4274 2951 4339 vocabul⁰

708 4367 771 4423 ad
816 4368 1219 4426 similitudinem
1273 4370 1575 4426 diminutivi
1616 4368 1808 4425 Latini.
1869 4401 1945 4410 —
2001 4377 2190 4426 contra
2245 4385 2330 4443 ap.
2374 4367 2601 4425 Paulum
2650 4368 2769 4426 223
2820 4358 2953 4422 habes
