3267 5075
741 364 872 433 286
1344 364 1443 422 Ex
1480 363 1718 423 Limus
1756 364 2115 425 INCER‘rls.
2188 368 2427 425 DUBIA.

734 539 937 610 petitus
979 553 1044 591 ex
1088 534 1389 609 comoedia,
1437 545 1494 592 ut
1538 537 1841 610 antiquitus
1885 538 2151 610 scriptum
2196 538 2363 593 fuerit
2402 523 2583 607 labia]
2632 555 2731 612 pro
2762 554 2862 611 quo
2898 555 2998 612 pas·

731 623 831 676 sim
877 618 1079 676 librarii
1134 635 1431 693 reposuere
1487 621 1662 677 labra
1721 630 1782 677 ut
1826 638 1912 695 ap.
1965 620 2171 692 Charisi.
2218 622 2303 679 80
2353 623 2409 677 in
2453 621 2633 679 Plauti
2688 632 2742 679 et
2791 622 2996 679 Terentii

734 703 997 775 versibus,
1043 704 1143 760 nisi
1189 705 1357 778 ipsius
1389 703 1703 779 Hieronymi
1733 715 1821 762 est
1849 722 2037 762 error.¹
2099 723 2220 762 nam
2252 707 2355 762 uisi
2385 705 2597 780 publice
2640 708 2696 763 in
2738 707 2996 781 spectanda

731 788 910 845 sabula
954 790 1120 844 risum
1165 787 1316 844 illum
1362 788 1503 845 fudit
1548 789 1805 860 Crassus,
1851 791 2049 846 mirum
2101 791 2286 848 hercle
2329 790 2519 851 samam
2565 793 2644 848 rei
2689 809 2819 866 quae
2858 792 2993 848 silen-

735 876 813 930 tio
873 882 932 928 ut
988 881 1506 948 tegeretur‘magno
1564 874 1728 930 vellet
1786 883 2030 948 emptum
2089 877 2234 931 inter
2288 876 2582 950 popuiares
2638 876 2992 950 percrebuisse.

732 989 815 999 —
858 961 1093 1014 similem
1137 958 1347 1013 liabent
1390 960 1687 1015 lactucam
1728 960 1933 1022 labra3
1975 961 2048 1015 ita
2096 959 2261 1016 malui
2304 960 2562 1033 scrihere,
2592 978 2676 1018 ‘ue
2719 961 2992 1018 allitteratio

733 1041 1116 1113 intercideret,
1173 1058 1331 1114 quam
1375 1044 1547 1099 labra
1591 1060 1641 1099 s·
1685 1044 1744 1099 h.
1789 1046 1865 1106 l.,·
1918 1052 2165 1099 ceterum
2210 1044 2488 1118 legitimus
2548 1045 2685 1103 ordo
2743 1045 2993 1102 verborum

731 1129 862 1201 quin
919 1125 983 1182 ah
1039 1129 1182 1200 ipso·
1218 1125 1543 1200 Hieronymo
1602 1130 1676 1184 sit
1733 1127 1982 1201 turbatus
2038 1145 2149 1185 nou
2204 1128 2504 1186 intercedo.
2607 1147 2726 1187 uam
2780 1129 2995 1186 similiter

732 1212 945 1285 saepius
990 1209 1173 1284 lapsus
1205 1210 1345 1267 idem
1376 1211 1660 1268 afferendis
1692 1211 1936 1268 versibus
1966 1214 2179 1285 priscis.
2228 1242 2313 1256 ·-
2357 1222 2639 1287 praeterea
2670 1232 2802 1288 quae
2828 1213 2991 1271 ibidem

733 1304 994 1351 memorat
1040 1294 1397 1368 Hieronymus
1443 1295 1603 1352 verba
1651 1298 1983 1370 paroemiae:

988 1424 1216 1479 accessit
1260 1421 1387 1479 huic
1431 1423 1662 1497 patellae
1706 1423 1932 1498 dignum
1978 1424 2334 1500 operculum,

734 1557 1027 1630 ingenuum
1074 1553 1220 1609 vides
1278 1551 1496 1627 explere
1551 1555 1859 1609 trimetrum
1919 1571 1984 1610 ex
2037 1554 2316 1611 comoedia
2371 1554 2549 1628 aliqua
2605 1565 2893 1631 sumptum,
2943 1565 2986 1612 ut

735 1639 992 1714 pleraque
1038 1636 1318 1713 proverbia
1361 1637 1572 1711 Latina,
1616 1638 1686 1695 de
1730 1655 1837 1712 qua
1882 1656 1940 1694 re
1985 1638 2109 1699 alibi
2154 1640 2390 1713 plenius·

910 1723 1045 1780 142.
1121 1738 1330 1805 serena
1376 1724 1527 1779 caeli
1564 1726 1782 1782 Iumina
1829 1740 1877 1779 e.
1913 1741 1966 1797 q.
1997 1741 2043 1780 s.
2095 1753 2170 1764 ——
2222 1725 2385 1781 Varro
2432 1725 2557 1800 lege
2600 1725 2823 1791 Maeuia:

988 1870 1091 1909 nos
1135 1851 1488 1922 admiranteS‚
1537 1851 1686 1925 quod
1730 1869 1924 1909 sereno
1971 1851 2177 1911 lumine

992 1939 1291 2008 tonuisset,
1337 1936 1509 1992 oculis
1553 1936 1686 1993 caeli
1730 1938 1908 1993 rimari
1952 1937 2159 2012 plagas,

735 2071 880 2125 salsi
915 2067 1141 2140 fretus;
1186 2066 1315 2121 haec
1359 2067 1471 2140 ipsa
1517 2064 1676 2121 verba
1721 2081 1787 2121 ex
1829 2065 2021 2123 Porcio
2067 2066 2252 2126 Licino
2298 2079 2561 2127 memorat
2603 2069 2826 2129 Plinium
2865 2085 2991 2125 secu·

737 2164 822 2210 tus
867 2152 1138 2208 Charisius
1187 2150 1340 2218 1033
1397 2167 1496 2206 uec
1542 2158 1717 2205 tamen
1763 2150 1830 2206 de
1874 2168 2061 2215 errore
2107 2152 2265 2211 Nouii
2319 2153 2672 2228 cogitandum
2729 2156 2816 2229 qui
2866 2169 2991 2213 nutu-

733 2254 890 2311 quam
936 2238 1108 2292 utitur
1152 2233 1323 2290 verbis
1368 2234 1561 2290 Porcii.
1614 2264 1688 2276 —
1736 2237 1880 2297 salsi
1919 2254 2020 2310 pro
2065 2240 2240 2302 salis‚·
2293 2240 2366 2294 ita
2424 2238 2620 2299 melius
2663 2238 2903 2296 scribitur
2940 2236 2990 2291 ad

732 2319 1019 2378 arcendum
1063 2319 1186 2376 loco
1233 2321 1422 2393 quinto
1477 2319 1793 2376 vocabulum
1850 2320 2160 2386 iambicum
2216 2321 2376 2379 simul
2432 2325 2808 2383 concinnitatis
2858 2338 2989 2396 ergo,

733 2416 793 2463 ut
836 2404 1164 2480 respondeat
1210 2405 1315 2461 hoc
1359 2403 1641 2478 epitheton
1687 2404 1934 2478 ei-'quod
1978 2406 2041 2461 ad
2085 2409 2303 2483 lumina
2334 2407 2580 2465 additum
2610 2408 2889 2483 praecedit.
2930 2436 2988 2446 «-

730 2501 971 2548 ceterum
1028 2490 1112 2546 hic
1167 2489 1355 2546 versus
1412 2505 1521 2562 quo
1572 2489 1841 2563 pertineat
1899 2489 2057 2564 plane
2112 2494 2399 2552 incertum.
2498 2494 2791 2568 qualitates
2844 2502 2990 2552 tamen

732 2577 958 2634 diversis
989 2575 1170 2631 muudi
1203 2574 1443 2649 partibus
1474 2589 1571 2630 seu
1601 2590 1916 2632 communes
1945 2576 2058 2631 sive
2088 2576 2325 2636 diversas
2368 2578 2665 2653 significari
2706 2580 2990 2647 existimem,

737 2673 794 2720 ut
839 2679 924 2735 ap.
970 2659 1128 2717 Lucr.
1176 2663 1325 2716 sicut
1369 2662 1427 2715 in
1472 2659 1711 2715 aethere
1755 2678 1869 2717 non
1916 2662 2123 2733 arbor,
2171 2680 2285 2720 non
2315 2679 2590 2738 aequore
2636 2665 2789 2722 salso
2821 2666 2991 2734 pisces

732 2755 858 2805 esse
903 2753 1137 2821 queunt.
2634 2765 2645 2776 ·

905 2831 1047 2890 143.
1128 2830 1430 2903 Tappulo,
1490 2838 1547 2885 ut
1592 2832 1836 2903 tippula.
1897 2861 1970 2871 ·—
2033 2848 2351 2897 camerae,-
2408 2835 2478 2892 ita
2535 2851 2624 2908 ap.
2679 2832 2885 2889 Paulum
2924 2828 2990 2885 40

725 2932 1043 2979 'cet-rone&
1099 2914 1219 2973 297
1268 2924 1443 2971 tamen
1489 2913 1701 2970 videtur
1756 2924 1939 2971 extare
1984 2916 2114 2973 illud
2171 2933 2491 2992 congeram
2550 2918 2640 2974 ubi
2684 2915 2987 2975 scribendum

737 3012 900 3078 puto:
944 3003 1090 3058 idem
1135 3002 1289 3073 quod
1327 3007 1538 3057 coeant
1559 3001 1776 3057 crebro
1821 3017 2109 3074 conyerae
2155 2998 2259 3072 (cd.
2301 3020 2539 3078 congre,
2587 3022 2636 3059 v.
2682 3001 2986 3076 conaerrae)

736 3089 938 3144 vocari
979 3087 1131 3142 soliti
1172 3103 1207 3141 α
1254 3085 1351 3142 Gr.
1399 3084 1700 3156 vocabulo,
1746 3088 1899 3159 quod
1941 3093 2024 3144 est
2064 3080 2269 3163 γὲρῤα.
2317 3118 2402 3128 -
2447 3088 2593 3162 apud
2625 3088 2844 3145 Nonium
2874 3081 2983 3154 ,118

734 3179 1039 3247 agnoscunt
1090 3168 1212 3225 libri
1270 3177 1353 3225 ter
1407 3185 1653 3243 ymmo,-
1708 3170 1779 3226 ib.
1826 3172 1881 3227 in
1940 3170 2111 3228 verbis
2168 3171 2341 3228 Plauti
2396 3172 2823 3229 Guelferhitauus
2873 3167 2986 3225 liber
3043 3215 3052 3225 .

734 3256 951 3313 exhibet
995 3258 1302 3329 conger-ius
1344 3271 1532 3317 meus,-
1589 3252 1968 3329 Lugdunensis
2015 3258 2163 3329 prior
2208 3263 2446 3331 conyeri
2504 3262 2692 3315 omnia
2738 3260 2877 3316 eius:
2920 3251 2978 3307 id·

735 3360 804 3397 m.
856 3341 893 3397 2
941 3355 1292 3414 compen-ae,-
1338 3338 1426 3395 uhi
1471 3338 1620 3395 docti
1661 3356 1945 3413 conqerro
1990 3358 2165 3398 meus:

907 3425 1049 3485 144.
1125 3424 1176 3481 id
1222 3423 1377 3480 dicit:
1422 3425 1722 3498 piscatores
1769 3426 1975 3501 thynno
2020 3435 2178 3501 capto
2224 3426 2436 3488 cebium
2485 3438 2547 3484 ut
2578 3429 2732 3485 vilem
2774 3428 2973 3484 mittunt.

735 3542 816 3551 —
862 3512 1190 3568 excludunt.
1230 3509 1432 3582 foras;
1486 3507 1710 3565 Plautus
1766 3511 1876 3567 mil.
1925 3511 2002 3569 81
2062 3515 2163 3585 qui
2215 3521 2407 3570 autem
2460 3516 2795 3571 auscultare
2831 3510 2973 3581 nolet,

735 3603 1016 3669 ecrsurqae
1056 3594 1258 3667 foras;
1302 3594 1371 3650 cf.
1420 3603 1477 3650 et-
1518 3592 1661 3650 333.

1753 3767 1982 3897 ‘nebia

905 3939 961 4002 2.
1035 3943 1318 4018 sepultum
1360 3951 1542 4004 morte
1570 3962 1860 4023 meroque,
1907 3943 2157 4027 ὕστερον
2195 3941 2498 4028 πρότερον.
2573 3948 2808 4009 similiter
2842 3941 2966 4016 Verg.

735 4048 852 4090 aen.
900 4032 965 4103 ll,
1011 4030 1132 4088 265
1174 4033 1457 4088 invadunt
1500 4035 1699 4089 urbem
1743 4051 1936 4091 somno
1982 4040 2223 4110 vinoque
2268 4039 2585 4108 sepidsam;
2628 4047 2681 4095 et
2711 4035 2851 4092 Hom.
2879 4029 2967 4085 12²1·

671 4149 676 4154 ·
738 4117 861 4174 730
892 4122 1087 4189 ‘ipsum
1131 4128 1325 4173 somno
1368 4118 1609 4190 vinoque
1654 4122 1956 4191 sepullum.

903 4203 963 4258 4.
1032 4209 1377 4266 mactantur,-
1421 4200 1739 4275 improbavit
1783 4206 1921 4262 hanc
1963 4205 2188 4261 formam
2230 4206 2444 4277 FestuS,
2489 4224 2555 4263 ex
2602 4225 2708 4282 quo
2750 4206 2866 4262 haec
2900 4212 2972 4253 ex·

735 4291 917 4361 ccrpta
963 4286 1121 4342 habet
1164 4286 1362 4342 Paulus
1406 4287 1528 4343 263
1573 4296 1816 4346 ructare
1860 4307 1972 4347 non
2027 4295 2255 4347 ructari
2298 4294 2596 4352 ducendum
2648 4300 2745 4349 est.
2826 4287 2972 4343 Gra*

736 4387 840 4426 cus
885 4372 1163 4449 (Flaccus
1204 4371 1322 4427 cdd.
1371 4371 1548 4446 Pauli,
1607 4373 1747 4447 apud
1794 4373 2014 4472 Festum
2067 4377 2331 4451 primores
2387 4376 2525 4433 duae
2579 4378 2780 4434 litterae
2818 4372 2971 4427 lacuna
