3267 5075
569 357 650 420 78
1142 355 1357 410 LIBER
1392 355 1591 409 XXIII.
1633 356 1852 409 XXIIII.
1894 355 2064 410 XXV.
2104 356 2303 411 XXVI.

1397 500 1723 573 LIBER
1775 502 2034 573 XXIII.

1616 631 1649 694 I
1748 632 1790 696 2

742 751 820 815 cf.
866 769 1027 833 quae
1071 750 1298 812 notata
1343 750 1494 810 sunt
1539 629 1620 810 ad
1650 628 1842 830 ]X[III,
1889 748 1947 811 8.

1770 861 1811 925 3

743 979 1013 1068 [Merula
1056 980 1125 1042 in
1171 978 1266 1042 ed.
1317 976 1529 1041 annal.
1573 857 1895 1061 1111111113.
1934 978 2063 1042 602
2109 982 2441 1063 tamquam
2489 1001 2524 1043 e
2571 982 2874 1065 glosario

562 1097 827 1161 Forneri
874 1095 1090 1160 attulit
1132 1094 1317 1157 haec:
1371 1095 1638 1177 tongere
1694 1092 1898 1155 εἶδειν
1954 1090 2134 1177 (sici)
2188 1093 2442 1158 Ennius
2499 1096 2570 1159 in
2614 1095 2873 1183 XVHI,

562 1212 842 1277 Lucilius
888 1212 956 1274 in
1001 1205 1264 1294 XXIII}

1367 1396 1691 1469 LIBER.
1744 1346 2039 1469 xxnn.

1403 1521 1727 1593 LIBER
1790 1521 2006 1593 xxv.

1392 1644 1716 1717 LIBER.
1769 1644 2022 1718 XXVI.

1391 1784 1425 1848 I
1474 1781 1575 1870 [cf.
1620 1785 1743 1849 inc.
1794 1781 1944 1869 101]
1978 1783 2060 1849 a*

735 1949 1078 1972 „„„„„„
1121 1921 1240 1963 nec
1285 1899 1690 1964 doctissimis,
1780 1921 1935 1963 nam
1982 1898 2216 1964 Gaium

736 2014 1027 2079 Persium
1071 2015 1266 2079 haece
1309 2016 1520 2100 legere
1565 2016 1745 2099 nolo,
1789 2014 2046 2078 Iunium
2094 2014 2389 2101 Congum
2435 2021 2600 2085 volo.

1346 2129 1412 2194 H
1461 2127 1563 2217 [cf.
1607 2131 1730 2194 1110.
1782 2127 1931 2217 101]
1963 2129 2050 2195 b*

737 2246 865 2312 Cic.
912 2246 989 2311 de
1044 2245 1153 2310 fin.
1198 2245 1248 2331 I,
1294 2246 1363 2310 3:
1419 2267 1535 2311 nec
1591 2267 1743 2310 vero
1799 2249 1873 2308 ut
1927 2249 2147 2310 noster
2201 2247 2483 2314 Lucilius
2539 2253 2856 2318 recusabo

558 2385 684 2447 quo
740 2363 953 2426 minus
1011 2383 1233 2425 omnes
1294 2384 1438 2426 mea
1501 2363 1740 2447 legant.
1848 2363 2098 2425 utinam
2164 2367 2333 2427 esset
2395 2365 2501 2427 ille
2564 2365 2854 2432 Persius!

559 2476 771 2562 Scipio
818 2500 969 2543 vero
1017 2482 1081 2542 et
1125 2476 1405 2542 Rutilius
1452 2467 1655 2542 multo
1705 2477 1899 2542 etiam
1936 2478 2171 2564 magis3
2219 2501 2490 2563 quorum
2537 2480 2644 2545 ille
2690 2482 2852 2549 iudi-

558 2595 726 2658 cium
772 2592 1195 2657 reformidans
1239 2592 1607 2657 Tarentinis
1665 2594 1756 2657 ait
1811 2615 1877 2657 se
1934 2597 1999 2657 et
2045 2592 2453 2660 Consentinis
2510 2600 2574 2659 et
2620 2595 2852 2663 Siculis
2919 2667 2924 2671 ,

559 2707 851 2773 scribere.
915 2706 1120 2773 facete
1147 2710 1203 2773 is
1233 2709 1507 2794 quidem,
1545 2710 1713 2773 sicut
1740 2709 1882 2773 alia.
1948 2710 2058 2773 sed
2094 2731 2300 2795 neque
2336 2714 2470 2775 tam
2509 2712 2680 2777 docti
2709 2717 2851 2777 tum

558 2827 768 2905 erant,
825 2823 905 2888 ad
952 2846 1223 2908 quorum
1269 2824 1573 2889 iudicium
1620 2824 2002 2908 elaboraret,
2067 2829 2133 2889 et
2187 2830 2339 2890 sunt
2392 2827 2561 2891 illius
2609 2829 2851 2911 scripta

557 2939 823 3024 leviora,
869 2943 942 3002 ut
986 2939 1318 3003 urbanitas
1366 2962 1617 3004 summa
1664 2942 1994 3024 appareat,
2040 2940 2331 3004 doctrina
2376 2916 2731 3006 mediocris.

1523 3051 1874 3142 mm]

733 3192 906 3236 nunc
951 3168 1173 3233 itidem
1217 3170 1525 3253 populum
1581 3192 1973 3254 aucupamur
2017 3171 2159 3235 istis
2215 3193 2358 3235 cum
2407 3173 2843 3297 scriptoribus„

733 3287 1052 3351 voluimus
1099 3308 1322 3370 capere
1369 3286 1655 3350 animum
1700 3286 1958 3350 illorum
2026 3337 2435 3357 ,,,,,,,

691 3448 718 3498 1
775 3445 987 3499 Plinius
1026 3447 1187 3512 praef.
1229 3449 1259 3497 7
1296 3450 1569 3511 praeterea
1604 3449 1691 3496 est
1738 3444 1997 3510 quaedam
2041 3445 2261 3510 publica
2306 3447 2472 3496 etiam
2515 3447 2847 3498 eruditorum

556 3515 793 3564 reiectio,
861 3516 1035 3565 utitur
1070 3515 1167 3564 illa
1204 3521 1258 3565 et
1294 3514 1367 3566 M.
1406 3512 1618 3563 Tullius
1655 3517 1810 3563 extra
1845 3528 2055 3564 omnem
2092 3514 2298 3577 ingenii
2333 3513 2502 3564 aleam
2544 3516 2756 3581 positus
2791 3521 2845 3566 et

555 3582 720 3646 (quod
755 3582 1024 3646 miremur)
1060 3597 1152 3647 per
1188 3583 1510 3633 advocatum
1555 3580 1864 3631 defenditur
1899 3614 1963 3622 -
2003 3581 2195 3647 quodsi
2229 3581 2334 3632 hoe
2369 3582 2713 3646 Lucilius,
2752 3585 2847 3648 qui

557 3651 760 3713 primus
797 3650 1035 3701 condidit
1071 3650 1184 3701 stili
1220 3666 1438 3712 nasum,
1484 3649 1769 3698 dicendum
1813 3649 1917 3700 sibi
1955 3650 2198 3714 putavit,
2246 3648 2439 3699 Cicero
2475 3651 2846 3714 mutuandum,

554 3717 869 3781 praesertim
907 3733 1028 3767 cum
1062 3716 1126 3767 de
1160 3733 1219 3768 re
1256 3718 1474 3783 publica
1509 3717 1796 3781 scriberet,
1844 3724 2046 3782 quanto
2084 3734 2184 3768 nos
2225 3718 2503 3768 causatius
2548 3719 2615 3768 ab
2660 3717 2845 3783 aliquo

555 3784 734 3834 iudice
767 3783 1130 3834 defendimur?
1265 3787 1349 3836 111
1406 3785 1546 3836 Non.
1586 3786 1703 3847 253,
1742 3788 1805 3835 10
1839 3800 2070 3850 capere
2106 3785 2391 3836 delectare.
2465 3785 2740 3850 Vergilius
2775 3813 2842 3822 -

730 3926 761 3982 1
812 3942 932 3982 nam
978 3926 1162 3982 Gaium
1206 3928 1291 3995 M,
1336 3926 1563 3985 Manium
1596 3948 1647 3986 v.
1695 3958 1771 3967 —
1818 3927 2028 3984 lunium
2058 3927 2252 3988 Ambr.
2291 3931 2463 4000 prim.
2596 3927 2632 3985 2
2672 3929 2844 3986 haece

557 4012 652 4083 Μ,
708 4012 841 4068 haec
892 4014 1155 4082 plerique
1209 4009 1360 4073 libri,
1418 4012 1523 4069 hoc
1576 4012 1765 4084 Mon.‚
1823 4030 1928 4069 om.
1977 4013 2236 4069 Ambros.
2289 4016 2460 4083 prim.
2508 4045 2588 4054 —-
2632 4013 2842 4070 lunium

555 4096 821 4172 Congium
869 4103 971 4153 aut
1014 4094 1249 4151 Laelium
1294 4094 1569 4169 Congrum
1615 4100 1739 4155 cdd.
1787 4096 2093 4154 Hermolai
2129 4098 2392 4155 Barbari
2401 4122 2420 4162 ,·
2462 4097 2699 4155 Laelium
2746 4097 2844 4153 De-

557 4184 749 4238 cimum
796 4198 875 4238 eae
921 4180 1197 4238 Cicerone
1239 4179 1498 4238 Ambrae.
1534 4185 1710 4254 prim.
1756 4213 1838 4222 —
1882 4183 2007 4237 volo
2053 4200 2158 4239 om.
2208 4183 2363 4240 Mon.
2541 4181 2578 4241 3
2629 4182 2840 4238 istidem

559 4266 722 4337 Gen„
768 4268 917 4324 liber
965 4267 1373 4324 Tornesianus.
1420 4297 1495 4306 —-
1543 4267 1803 4340 populum
1835 4283 2164 4340 aucupamur
2207 4269 2324 4323 istis
2356 4284 2476 4323 cum
2507 4268 2590 4338 M,
2636 4265 2841 4341 populo

555 4351 717 4405 istum
766 4353 893 4407 cdd.
939 4357 1186 4423 excepto
1231 4353 1383 4425 quod
1431 4352 1601 4407 Torn.
1651 4370 1757 4407 om.
1805 4351 2028 4424 populo.
2201 4350 2241 4406 4
2285 4351 2533 4408 volumus
2582 4352 2723 4408 Gen.
