3267 5075
585 374 709 438 106
1456 376 1675 429 LIBER
1711 376 1985 430 XXVIIII.

1500 538 1626 602 XII
1674 540 1814 620 [40]
1845 540 1941 621 bss

759 655 1096 719 favitorem
1142 654 1261 718 tibi
1308 676 1437 737 me,
1484 655 1788 738 amicum,
1836 657 2196 749 amatorem
2226 657 2441 739 putes3

1571 794 1730 859 XIII
1776 819 1871 878 cy

759 912 937 976 cuius
984 912 1076 977 sei
1121 912 1188 976 in
1234 913 1472 996 periclo
1518 912 1744 976 feceris
1789 912 2157 995 periculum.

1509 1053 1667 1118 XIV
1742 1056 1782 1119 2
1840 1054 1934 1117 dc?

758 1170 998 1234 habeas
1044 1191 1295 1254 quoque
1341 1171 1557 1235 am'mo
1602 1170 1694 1233 mi
1714 1057 2084 1234 [atimodum
2131 1191 2390 1234 causam
2437 1190 2704 1255 gravem

627 1285 715 1348 20
761 1284 923 1370 fore,
968 1283 1130 1370 quae
1176 1307 1278 1349 me
1325 1285 1406 1349 ab
1452 1285 1584 1349 ullo
1629 1285 1968 1350 commodo
2015 1284 2294 1350 abducat
2337 1288 2467 1363 tuo,

1558 1426 1683 1493 XV
1754 1427 1797 1491 4
1855 1451 1885 1491 ε

759 1542 1036 1626 Apolost
1078 1566 1344 1626 numen,
1390 1543 1500 1627 qui
1544 1545 1610 1607 te
1656 1429 1939 1628 an[ti‹]]uis
1983 1566 2119 1613 non
2165 1500 2334 1608 sinet

759 1657 1001 1723 deliciis
1047 1659 1364 1723 maculam
1412 1661 1602 1743 atque
1648 1658 2071 1744 ignominiam
2118 1660 2443 1743 inponere.

1519 1791 1675 1856 XVI
1721 1793 1861 1874 [39]
1893 1816 1931 1858 a

763 1906 1062 1992 colligere
1110 1907 1443 1993 auxilium,
1489 1908 1813 1972 tametsist
1857 1909 2125 1995 indigna
2168 1912 2241 1973 ut
2287 1909 2505 1973 feram.
2572 1897 2596 1914 ⁶

1521 2040 1712 2106 XVII
1756 2043 1852 2124 [3]
1883 2043 1925 2107 b

762 2177 954 2239 quam
1000 2155 1091 2220 mi
1134 2156 1242 2220 ille
1289 2159 1667 2240 quantumst
1710 2157 1878 2222 inter
1921 2158 2279 2222 humanum
2325 2178 2529 2243 genus

629 2271 717 2336 25
763 2271 1094 2356 ferumque
1139 2272 1378 2336 interse
1423 2274 1747 2358 conjugat,
1791 2273 2247 2338 communicat!

1416 2464 1431 2473 .
1512 2405 1735 2470 XVIII
1780 2408 1876 2488 [8]
1906 2429 1941 2471 c

902 2572 1183 2592 „„„„„
1225 2524 1299 2586 tu
1345 2521 1453 2606 qui
1498 2522 1663 2587 iram
1709 2521 2004 2609 indulges
2049 2521 2243 2586 nimis
2252 2573 2270 2605 ‚

765 2660 996 2702 manus
1045 2661 1084 2702 a
1128 2639 1393 2731 muliere
1441 2638 1763 2703 abstinere
1808 2638 2036 2703 melius
2083 2639 2207 2702 est!

586 2905 895 2955 Lucilius
932 2900 1026 2954 lib.
1064 2904 1349 2955 XXVIIII.
1472 2903 1579 2954 XII
1638 2904 1776 2954 Non.
1818 2906 1931 2966 110,
1967 2907 2034 2955 23
2071 2904 2430 2954 favitorem
2466 2901 2568 2966 (ita
2600 2914 2683 2965 v.,·
2713 2903 2885 2954 fabi-

590 2980 796 3023 torem
831 2971 974 3034 cdd.)
1011 2972 1277 3022 fautorem
1312 2972 1676 3035 (fautorem
1713 2971 1832 3021 add.
1868 2972 2030 3033 docti,
2066 2988 2170 3024 om.
2208 2971 2376 3031 libri).
2433 2970 2747 3021 Lucilius
2784 2972 2915 3032 lib.=

591 3040 875 3092 XXVIIII.
1016 3039 1152 3090 XIII
1211 3039 1350 3090 Non.
1387 3043 1505 3102 364,
1542 3042 1574 3090 5
1613 3039 1981 3104 periculum
2017 3040 2465 3104 experimentum.
2536 3037 2776 3089 Sisenna.
2811 3067 2882 3076 —-—

587 3108 660 3157 M.
699 3106 912 3158 Tullius
948 3133 1015 3142 —
1050 3107 1343 3158 Terentius
1378 3136 1443 3146 —
1478 3108 1553 3158 Μ.
1587 3106 1801 3159 Tullius
1837 3134 1903 3142 —
1937 3107 2245 3158 Lucilius
2280 3106 2373 3157 lib.
2410 3105 2696 3156 XXVIIII.

588 3176 720 3226 XIV
777 3175 917 3226 Non.
952 3177 1070 3236 315,
1104 3177 1170 3225 29
1206 3189 1407 3238 grave
1441 3175 1825 3226 necessarium.
1898 3175 2204 3226 Lucilius
2249 3174 2342 3228 lib.
2379 3173 2671 3227 XXVIIII.

589 3245 691 3294 XV
746 3244 889 3299 Non.
925 3245 1009 3304 24,
1045 3245 1077 3292 2
1113 3243 1477 3306 ignominia
1519 3250 1604 3294 est
1639 3243 1875 3292 nominis
1912 3248 2058 3293 nota.
2130 3241 2203 3291 M.
2241 3241 2453 3291 Tullius
2477 3239 2885 3292 —Lucilius

589 3312 728 3362 libro
765 3311 1053 3363 XXVIIII.
1223 3310 1353 3360 XVI
1414 3313 1551 3361 Non.
1591 3314 1710 3372 303,
1750 3314 1813 3361 10
1865 3310 2045 3360 ferre
2083 3310 2314 3360 adferre.
2385 3308 2663 3372 Vergilius
2700 3335 2769 3344 —
2804 3309 2884 3359 Μ.

591 3379 808 3431 Tullius
847 3407 912 3416 —
951 3378 1255 3429 Lucilius
1293 3378 1388 3428 lib.
1422 3378 1708 3428 XXVIIII.
1911 3378 2071 3428 XVII
2125 3377 2266 3430 Non.
2302 3379 2387 3440 36,
2422 3379 2455 3426 9
2508 3377 2884 3437 coniugata

591 3447 1028 3511 (coniungere
1051 3447 1128 3512 v.)
1166 3446 1451 3512 copulare;
1485 3446 1689 3496 dictum
1724 3450 1810 3496 est
1845 3462 1879 3495 a
1914 3447 2060 3510 iugo.
2130 3444 2434 3496 Lucilius
2468 3444 2559 3494 lib.
2588 3444 2883 3495 XXVIIII.

760 3515 947 3565 XVIII
1003 3515 1142 3571 Non.
1178 3518 1305 3579 325,
1343 3517 1408 3566 32
1444 3514 1795 3578 indulgere
1833 3529 2049 3578 augere.
2118 3513 2425 3563 Lucilius
2458 3511 2554 3561 lib.
2590 3511 2884 3564 XXVIIII.

765 3781 842 3837 17
890 3782 1159 3838 fautorem
1206 3785 1430 3853 Bamb.,
1477 3800 1592 3839 non
1637 3781 1685 3836 L
1730 3779 1788 3837 2.
1834 3812 1918 3822 —
1962 3788 2287 3851 amatorem,
2324 3781 2586 3851 fortasse
2630 3787 2687 3836 et
2731 3779 2884 3837 Men-

595 3875 789 3924 torem.
927 3866 1001 3923 18
1045 3867 1124 3921 sei
1155 3867 1235 3935 M,
1282 3885 1341 3923 se
1375 3869 1447 3938 B,
1483 3865 1649 3938 Gen„
1692 3867 1738 3921 si
1771 3869 1876 3922 rel.
1921 3896 2004 3905 —
2048 3865 2252 3940 periclo
2282 3865 2367 3937 M,
2412 3864 2651 3938 periculo
2700 3883 2749 3920 v.

598 3952 674 4009 19
722 3949 918 4007 habeas
962 3966 1181 4024 quoque
1225 3952 1402 4007 animo
1448 3953 1518 4007 mi
1551 3953 1632 4022 M,
1680 3950 1983 4023 habeasque
2030 3949 2384 4025 (habeasquae
2426 3948 2496 4019 Β)
2540 3950 2719 4004 animo
2750 3950 2886 4005 mihi

595 4039 723 4094 cdd.
753 4066 840 4077 —
882 4051 1045 4110 grave
1088 4037 1151 4103 G,
1184 4035 1230 4090 L
1265 4034 1333 4097 1,-
1378 4036 1775 4108 grau(ras.)um
1809 4037 1983 4098 Gen..⁸
2026 4043 2237 4108 gratum
2282 4042 2338 4091 et
2382 4034 2463 4091 20
2508 4033 2650 4088 sorte
2683 4035 2754 4088 B.

596 4123 672 4178 21
721 4138 920 4178 numen
952 4128 1008 4176 et
1037 4118 1241 4175 deliciis
1271 4120 1443 4189 docti,
1475 4136 1673 4176 nomen
1704 4129 1759 4177 et
1787 4119 1975 4175 delicis
2002 4121 2154 4176 libri.
2271 4119 2350 4174 22
2396 4120 2674 4191 imponere
2708 4118 2772 4174 G.

596 4207 677 4264 23
722 4206 980 4279 colligare
1025 4205 1071 4260 L
1105 4205 1161 4271 l,
1208 4222 1319 4261 non
1353 4205 1419 4266 G,
1458 4205 1529 4259 B.
1663 4203 1742 4260 24
1789 4206 1860 4261 mi
1890 4204 1980 4260 ille
2012 4204 2096 4275 M,
2125 4204 2255 4260 mihi
2287 4205 2417 4261 cdd.
2547 4201 2626 4258 25
2672 4219 2889 4259 rerum-

598 4309 702 4365 que
733 4293 896 4360 idem,
930 4290 1211 4362 serumque
1243 4289 1356 4345 Me.
1391 4318 1471 4327 —
1501 4290 1758 4363 coniugat
1794 4292 2095 4360 Boedinus,
2127 4290 2421 4362 coniungat
2452 4306 2501 4343 v.
2528 4283 2538 4289 “
2614 4286 2694 4342 27
2743 4304 2895 4363 mam

605 4379 668 4435 B.
715 4407 797 4414 —
844 4394 873 4431 a
917 4392 989 4431 m.
1034 4373 1168 4430 abst.
1216 4377 1386 4445 docti,
1433 4371 1567 4429 abst.
1614 4390 1642 4428 a
1687 4390 1759 4429 m.
1806 4376 1931 4431 cdd.
