3267 5075
1311 326 1530 381 LIBER
1565 329 1631 382 v.
2485 328 2617 392 213

497 493 596 549 19.
659 492 727 548 de
759 493 1029 567 paucitate
1058 491 1284 550 ficorum
1317 494 1553 550 convivis
1585 493 1905 566 oblatarum,
1944 512 2169 568 quarum
2204 495 2459 551 vilitatem
2490 512 2618 569 pro·

289 577 457 634 ximo
511 577 823 651 fragmento
857 586 1135 649 memorat,
1182 580 1431 651 queritur
1471 579 1530 634 L.
1587 609 1655 618 -.
1703 582 1974 651 propola,
2005 579 2073 636 cs.
2106 578 2161 634 d.
2191 597 2235 636 r.
2271 596 2342 637 m.
2377 580 2518 651 363,
2552 579 2612 637 4.

289 664 375 718 ita
425 671 494 719 et
534 665 860 736 proloqium
905 661 1069 737 longa
1102 662 1268 735 prima
1313 664 1367 717 in
1400 679 1561 717 versu
1608 663 1819 719 Pacuvii
1852 681 1935 737 ap.
1966 662 2187 719 Paulum
2221 683 2274 738 p.
2311 664 2432 722 226
2479 667 2619 737 quid

291 752 448 804 est?-
510 765 647 804 nam
693 761 781 802 me
823 750 1180 803 exanimasti
1216 750 1477 819 proloyio
1522 755 1639 805 Ιιιο.
1698 778 1781 788 —-
1833 750 1979 804 illud
2014 752 2258 820 protulit
2314 750 2614 820 praesentis

290 848 433 887 esse
485 832 755 905 temporis
800 848 908 887 nou
953 832 1155 887 rectius
1200 833 1395 887 statuit
1438 831 1611 888 Dousa
1656 848 1813 904 quam
1855 831 1983 903 Vlll,
2028 833 2105 890 13
2150 850 2280 890 cum
2324 836 2507 891 victor
2549 849 2612 889 se

286 919 514 991 yallus
558 918 797 979 honeste
839 918 1068 973 sustulit
1112 920 1168 972 in
1214 919 1416 990 diyitos
1455 921 1852 990 primoresque
1897 921 2064 991 eriyit
2110 923 2335 996 unquis.

494 1000 599 1059 20.
676 1008 802 1056 nota
847 1000 993 1074 quod
1039 999 1274 1057 Lucilius
1318 1000 1478 1057 ficum
1525 1001 1616 1056 ubi
1648 1000 1883 1059 fructum
1912 999 2184 1076 significat
2213 1001 2374 1058 modo
2407 1019 2612 1059 mascu-

293 1084 423 1143 lino
477 1085 620 1142 (lixit
663 1101 864 1160 genere
906 1084 1069 1142 modo
1114 1085 1393 1142 feminino.

491 1170 594 1227 23.
666 1172 893 1244 yemina
935 1200 1019 1209 —
1060 1186 1232 1239 aure,
1287 1165 1512 1238 ὃίωτος.
1600 1173 1914 1227 mixtarius
1957 1187 2105 1227 aure
2158 1188 2257 1246 pro
2303 1173 2618 1229 mioelarius

281 1259 532 1327 paam,-
590 1254 727 1312 Non.
768 1254 905 1320 181,
951 1254 1037 1311 30
1078 1254 1425 1311 membranae
1469 1257 1703 1312 ordines
1748 1254 1828 1311 vel
1875 1258 2094 1313 ordinis
2138 1263 2330 1312 tentae
2369 1273 2470 1330 pro
2517 1274 2609 1312 or-

289 1343 443 1397 dine
494 1347 554 1396 et
600 1338 793 1395 similia
837 1338 1053 1395 eaedem
1098 1338 1239 1395 alibi.

490 1424 598 1480 24.
658 1423 761 1480 hoc
786 1423 1032 1480 scholion
1065 1431 1350 1497 antequam
1379 1424 1446 1480 de
1468 1423 1589 1480 libri
1611 1424 1946 1481 Monacensis
1970 1426 2298 1481 innotuisset
2328 1427 2612 1500 scriptura,

293 1511 415 1567 tale
481 1508 764 1565 serebatur
814 1507 956 1581 apud
1015 1508 1319 1564 Horatium:
1398 1517 1459 1566 ut
1516 1517 1601 1565 est
1655 1508 1786 1564 illud
1843 1509 2034 1565 bibere
2089 1511 2323 1568 absumo
2378 1509 2483 1582 (vel
2541 1512 2613 1568 ab

290 1593 578 1664 summo).
671 1609 733 1650 ac
775 1601 951 1650 tamen
997 1610 1115 1650 csse
1162 1595 1294 1657 haec
1336 1593 1526 1650 Lucilii
1571 1593 1735 1650 solita
1779 1595 2076 1668 sagacitate
2119 1597 2393 1669 perspexit
2436 1595 2614 1653 Densa

289 1689 491 1756 pater.
548 1709 623 1719 —
670 1681 746 1735 da
792 1679 986 1735 bibere
999 1703 1017 1743 ‚-
1068 1678 1230 1753 Verg.
1276 1695 1394 1735 aen.
1438 1677 1460 1733 1
1514 1685 1577 1735 tu
1619 1681 1729 1736 das
1772 1682 1958 1751 epulis
2001 1681 2344 1735 accumbere
2398 1681 2580 1737 divom
2592 1705 2610 1745 ;

289 1767 372 1823 ita
425 1765 630 1822 Graeci
675 1756 931 1820 διδόναι.
976 1793 1060 1803 -
1104 1765 1297 1821 bibere
1342 1763 1415 1820 ab
1446 1780 1677 1834 summo,
1726 1762 1798 1819 cl'.
1828 1762 1975 1837 Lips.
2025 1780 2114 1837 op.
2147 1764 2189 1835 1,
2222 1763 2348 1823 380
2390 1763 2476 1821 ed.
2510 1760 2610 1821 Ve-

289 1850 599 1908 saliensis:
646 1867 683 1904 a
727 1866 939 1905 summo
969 1851 1185 1920 bibere,
1228 1850 1335 1904 boc
1379 1855 1463 1905 est
1508 1851 1662 1922 quod
1690 1848 1905 1905 Graeci
1944 1850 2144 1904 dieunt
2187 1841 2255 1904 ἐν
2281 1840 2479 1926 κύκλῳ
2508 1844 2608 1904 πί-

290 1953 476 2009 νειν,
534 1935 612 1990 ab
671 1950 736 1990 eo
781 1938 1019 1991 conviva
1078 1936 1335 1991 videlicet
1390 1937 1491 2006 qui
1542 1948 1795 1990 summus
1852 1933 2133 1990 accumbit
2189 1935 2269 1989 ad
2309 1936 2480 1989 imum
2525 1965 2608 1974 —

287 2023 569 2080 Plautus
613 2021 872 2074 asinaria
917 2012 1004 2094 [V,
1037 2018 1097 2089 2,
1127 2014 1272 2094 41]:
1319 2020 1393 2074 da
1437 2035 1622 2090 puere
1665 2020 1737 2074 ab
1769 2035 1998 2080 summo,
2045 2035 2153 2092 aye
2184 2025 2245 2074 tu
2276 2018 2508 2074 interibi
2535 2020 2608 2075 ab

288 2109 507 2179 infimo
554 2105 631 2160 da
678 2107 916 2160 savium.
962 2134 1046 2145 —-
1105 2103 1276 2177 igitur
1321 2103 1365 2158 is
1411 2104 1502 2176 qui
1548 2102 1709 2158 verba
1756 2102 1881 2158 lacit
1926 2119 2012 2176 ap.
2057 2101 2318 2159 Lucilium
2364 2110 2425 2158 ut
2471 2102 2607 2161 same

289 2196 621 2248 maceratus
666 2205 730 2244 ex
774 2189 1002 2261 pessima
1046 2204 1178 2244 cena
1208 2194 1264 2243 et
1308 2187 1528 2262 potandi
1559 2187 1806 2261 cupidior
1835 2187 2032 2260 poscit,
2079 2195 2139 2243 ut
2169 2195 2321 2243 extra
2366 2187 2608 2245 ordinem

289 2274 577 2351 poculum
621 2273 866 2346 accipiat.

483 2356 1225 2429 26.t1.1.evenitNonio‚
1272 2356 1420 2430 quod
1465 2355 1664 2413 celebri
1709 2355 1917 2413 cuidam
1963 2357 2137 2412 nostri
2170 2358 2428 2431 temporis
2475 2356 2606 2414 lexi-

288 2443 613 2519 cograplio‚
662 2444 753 2515 qui
798 2440 931 2498 illud
980 2442 1194 2517 Bombe
1236 2441 1378 2497 idem
1424 2442 1628 2515 putavit
1673 2449 1796 2498 esse
1840 2457 1901 2497 ac
1945 2441 2227 2498 Moerser.

482 2528 587 2586 28.
654 2529 719 2584 (le
764 2533 1002 2583 amatore
1048 2534 1316 2584 nocturno
1364 2526 1577 2583 videtur
1620 2528 1728 2600 agi.

483 2614 585 2671 29.
662 2614 853 2686 ‹printo
899 2613 1081 2685 potius
1128 2629 1285 2685 quam
1330 2611 1569 2669 secundo
1617 2611 1754 2668 libro
1812 2611 1941 2668 haec
1987 2610 2269 2667 tribuenda
2316 2612 2606 2685 persuadet

290 2700 611 2766 auctoritas
643 2696 820 2768 Nonii,
865 2712 1024 2770 quam
1070 2713 1135 2753 eo
1168 2698 1342 2752 miuus
1388 2697 1580 2753 elevari
1625 2713 1722 2770 par
1764 2700 1869 2767 est,
1915 2696 2059 2770 quod
2092 2714 2137 2751 s,
2170 2695 2208 2752 l.
2252 2695 2441 2752 eodem
2490 2713 2605 2752 ver:-

290 2802 427 2842 sum
490 2800 559 2839 ex
613 2781 853 2839 secundo
914 2782 1143 2855 petitum
1197 2780 1336 2837 libro
1391 2780 1477 2837 hic
1533 2789 1658 2837 ante
1699 2781 1900 2854 attulit.
1958 2809 2033 2820 ·-
2091 2788 2331 2837 ceterum
2382 2797 2493 2837 non
2537 2781 2602 2837 ad

291 2871 550 2927 rusticae
596 2867 740 2924 illius
785 2882 948 2924 cenae
993 2882 1151 2940 quam
1197 2865 1442 2939 depinxit
1485 2866 1520 2921 l.
1569 2866 1612 2920 V
1657 2865 2076 2939 descriptionem
2119 2863 2216 2921 sed
2259 2866 2313 2920 in
2358 2863 2603 2922 luxuriae

291 2952 621 3030 aequalium
665 2950 1025 3025 castigatione
1070 2949 1227 3007 verba
1273 2950 1374 3006 ista
1418 2951 1595 3023 posita
1627 2950 1801 3007 fuisse
1843 2951 1975 3006 satis
2007 2956 2247 3024 apparet.
2284 2970 2288 2974 ·
2342 2956 2604 3014 ventres,-

292 3044 375 3099 ita
421 3038 570 3106 infra
602 3044 857 3095 ventrem
889 3039 1139 3092 alienum
1180 3042 1457 3092 maestum
1494 3036 1701 3107 fovere
1746 3051 1825 3092 ex
1852 3038 2041 3092 molito
2071 3036 2285 3093 hordeo
2327 3037 2412 3091 uti
2438 3041 2600 3091 eata·

288 3130 558 3202 plasma.
629 3129 813 3178 notus
858 3121 1152 3176 versiculus
1198 3120 1521 3176 Graecorum

478 3230 709 3309 Κρῆτες
740 3223 833 3289 ἀεὶ
861 3227 1138 3305 ψευσταί,
1170 3225 1325 3286 κακὰ
1356 3226 1565 3306 θηρία,
1596 3223 1873 3307 γαστέρες
1904 3222 2100 3306 ἆργοί;

295 3346 533 3406 Hesiod.
578 3346 765 3419 theog.
813 3343 893 3401 26

476 3450 755 3532 ποιμένες
794 3449 1112 3532 ἄγραυλοι,
1157 3445 1297 3509 κάκ’
1342 3446 1605 3529 ἐλέγχεα,
1644 3445 1919 3529 γαστέρες
1960 3441 2106 3510 οἷον.

479 3569 581 3627 30.
657 3567 845 3623 irridet
889 3566 1243 3623 Pacuvianum
1290 3581 1500 3621 versum
1550 3559 1703 3641 [408
1749 3563 1835 3621 ed.
1882 3559 2062 3640 Rihb.]

479 3680 639 3737 Nerei
683 3678 1147 3754 repamlirostrum
1190 3677 1666 3735 incurvicervicum
1712 3692 1905 3750 pecu-‘33

297 3796 545 3853 fortasse
588 3793 749 3847 etiam
796 3789 925 3845 Livii
968 3789 1103 3846 illud
1153 3783 1248 3866 [5]

481 3911 597 3959 tum
642 3910 818 3958 autem
866 3900 1117 3958 lascivom
1163 3900 1320 3956 Nerei
1363 3901 1557 3956 simum
1603 3915 1786 3972 pecuS.

296 4016 579 4074 lasciviam
623 4014 847 4088 piscium
895 4014 1053 4070 etiam
1099 4019 1360 4068 memorat
1406 4010 1666 4065 Pacuvius
1714 4003 1891 4086 [409‚
1943 4004 2047 4087 10]

457 4157 563 4186 .--
607 4126 944 4200 profectione
967 4124 1112 4181 'laeti
1157 4123 1383 4198 piscium
1425 4120 1694 4177 lasciviam

477 4213 777 4269 intuentur.

299 4328 443 4382 nasi
484 4340 584 4399 pro
629 4326 753 4380 nisi.
844 4341 881 4378 a
925 4322 1205 4395 archetypi
1249 4317 1480 4376 librariis
1527 4321 1581 4373 ei
1620 4319 1750 4373 visa.
1846 4357 1853 4362 -

52 4605 488 5007 l-
