3267 5075
716 396 850 462 224
1644 395 1864 448 LIBER
1900 395 2072 451 V1111.

715 562 812 620 sed
855 562 923 618 de
969 562 1051 618 his
1094 559 1295 634 aliquid
1338 560 1678 634 praecepisse
1721 559 1984 617 Lucilium
2029 578 2136 617 non
2183 561 2432 630 invenio;
2485 578 2586 618 nec
2628 579 2748 618 vero
2786 562 2833 619 id
2870 565 2952 637 ipsl

716 665 748 703 e
792 664 851 703 re
895 648 1066 703 visum
1112 645 1492 716 existimarim,
1526 660 1648 700 cum
1694 646 2000 717 promiscue
2030 662 2059 700 e
2092 644 2250 700 breve
2280 647 2442 701 etiam
2473 645 2649 701 dativo
2677 646 2949 706 adhibuerit.

720 763 797 775 —-
830 739 1071 788 ceterum
1104 731 1307 786 erroris
1345 728 1660 784 manifestus
1692 738 1777 784 est
1807 728 2078 785 Charisius
2109 731 2202 802 qui
2232 730 2320 785 illa
2353 728 2592 803 ‘pupilli'
2626 729 2810 804 ‘pueri'
2849 729 2951 787 ‘Ln-

715 817 825 876 cili'
873 817 1179 892 posteriora
1263 814 1396 870 locis
1439 812 1642 869 adserit
1688 813 1853 868 luisse
1884 831 2042 887 quam
2073 815 2205 869 haec
2261 812 2524 870 ‘Corneli’
2572 814 2951 889 ‘Cornifici'que‚

716 920 840 960 cum
883 903 957 958 sit
1000 901 1136 957 ordo
1173 907 1236 983 ,οἱ
1280 914 1450 954 nexus
1494 900 1882 954 sententiarum
1930 916 2015 972 ap.
2063 898 2189 954 Luc.
2234 899 2349 954 hic:

885 988 1116 1061 primum
1171 985 1283 1059 agit
1343 982 1410 1039 de
1468 983 1836 1039 discernendis
1893 985 2159 1057 genetivis
2213 983 2507 1058 singularis
2551 992 2605 1040 et
2661 984 2953 1040 nominativis

714 1072 937 1148 pluralis
981 1069 1438 1126 substantivorum
1484 1069 1539 1124 in
1571 1083 1637 1122 us
1667 1068 2013 1136 exeuntium;
2058 1067 2252 1142 quibus
2297 1076 2420 1142 apte
2460 1068 2609 1124 addit
2639 1067 2952 1125 observantias

716 1157 783 1213 de
827 1157 1016 1212 dativis
1061 1162 1116 1210 et
1160 1153 1498 1209 nominativis
1541 1153 1920 1225 pronominum
1966 1168 2101 1225 quae
2145 1161 2274 1208 sunt
2302 1153 2399 1210 ille
2441 1155 2568 1225 ipse
2606 1158 2728 1210 iste.
2794 1151 2951 1207 deinde

715 1240 782 1298 de
827 1241 1089 1313 genetivis
1133 1246 1188 1293 et
1234 1238 1488 1293 vocativis
1531 1236 1823 1310 singularis
1863 1235 2322 1293 substantivorum
2365 1239 2419 1294 in
2460 1240 2545 1293 ius
2577 1239 2880 1307 exeuntium,
2908 1237 2951 1290 in

716 1325 912 1400 quibus
957 1340 1065 1378 non
1110 1330 1224 1378 erat
1268 1339 1365 1377 cur
1411 1323 1692 1377 timeretur
1734 1337 1801 1375 ne
1847 1321 2105 1395 gignendi
2150 1338 2308 1377 casus
2351 1338 2473 1377 cum
2518 1321 2812 1379 nominandi
2850 1337 2953 1375 con·

714 1409 1058 1466 funderetur.
1145 1406 1215 1462 ibi
1272 1406 1568 1462 vocativum
1615 1422 1645 1459 a
1690 1406 1942 1479 genetivo
1997 1404 2258 1480 distingui
2314 1422 2380 1461 eo
2437 1408 2613 1480 magis,
2658 1424 2686 1462 e
2737 1423 2791 1462 re
2841 1412 2952 1475 erat,

716 1493 864 1570 quod
909 1493 1166 1567 pleraque
1209 1491 1424 1546 nomina
1465 1489 1557 1546 illa
1601 1498 1755 1545 erant
1792 1491 2038 1564 propria,
2085 1507 2221 1563 quae
2267 1490 2560 1564 plurimum
2605 1490 2814 1546 vocandi
2852 1505 2953 1544 casn

702 1579 892 1645 ‚solent
937 1575 1198 1634 adhiberi.
2473 1640 2480 1647 ,

886 1663 986 1719 alia
1028 1669 1207 1717 autem
1252 1658 1421 1715 Lucili
1465 1657 1532 1714 de
1578 1656 1828 1714 finalibus
1871 1660 1925 1715 in
1969 1661 1986 1714 i
2033 1659 2353 1715 exeuntibus
2410 1668 2696 1734 praecepta
2747 1660 2954 1715 extitisse

715 1750 932 1811 minime
974 1746 1311 1804 crediderim.
1382 1760 1518 1815 quae
1548 1745 1594 1799 si
1624 1741 1880 1816 fuissent,
1920 1744 2087 1798 Varro
2132 1752 2187 1800 et
2232 1743 2448 1819 reliqui,
2493 1744 2634 1818 apud
2679 1762 2806 1818 qnos
2835 1750 2954 1798 tanta

717 1833 821 1889 l'uit
863 1831 1052 1889 Lucilii
1097 1830 1420 1901 auctoritas,
1466 1829 1681 1883 minime
1726 1830 2110 1901 praeterissent
2155 1829 2390 1885 silentio.
2480 1827 2651 1885 Lucili
2702 1829 2877 1902 placita
2910 1827 2952 1881 in

719 1919 985 1991 genetivis
1019 1914 1309 1988 singularis
1340 1923 1396 1968 et
1420 1913 1761 1968 nominativis
1796 1912 2017 1986 pluralis
2041 1913 2408 1968 discernendis
2443 1913 2801 1987 probaverunt
2818 1912 2954 1966 Varro

716 2012 770 2058 et
819 2001 1093 2075 Nigidius3
1150 2000 1302 2054 cuius
1349 1996 1478 2052 haec
1520 2005 1649 2052 sunt
1693 1998 1833 2071 apud
1879 1998 2107 2052 Gellium
2155 1997 2284 2068 xm,
2318 1997 2417 2063 26,
2448 1999 2485 2052 4
2545 2001 2590 2054 si
2638 2001 2789 2054 huius
2830 1995 2955 2050 amici

718 2088 800 2143 vel
843 2086 1004 2141 huius
1049 2084 1228 2158 magni
1272 2081 1493 2154 scribas,
1539 2099 1704 2137 unum
1750 2084 1764 2136 i
1812 2081 1972 2137 facito
2018 2090 2348 2148 extremum;
2404 2083 2489 2138 sin
2534 2100 2663 2139 vero
2716 2084 2765 2138 hi
2805 2078 2954 2153 magni

715 2172 771 2228 bi
814 2171 967 2226 amici
1010 2185 1139 2225 casu
1183 2165 1541 2231 multitudinis
1586 2174 1773 2239 recto,
1829 2173 1943 2221 tum
1988 2175 2111 2223 ante
2155 2169 2172 2223 i
2215 2165 2557 2222 scribendum
2614 2169 2717 2224 erit
2755 2184 2784 2223 e
2821 2173 2997 2237 atque·

715 2254 768 2312 id
811 2256 988 2328 ipsum
1032 2252 1195 2310 facies
1238 2252 1293 2307 in
1336 2251 1618 2310 similibus,
1669 2281 1745 2290 —
1802 2250 1874 2308 cs.
1919 2260 1974 2307 et
2019 2251 2145 2306 Mar.
2195 2251 2327 2310 Vict.
2375 2252 2450 2308 19
2507 2268 2619 2308 non
2672 2252 2837 2307 solum
2872 2263 2955 2322 pro

715 2340 880 2414 longa
910 2337 1113 2412 syllaba
1144 2334 1503 2410 accipiebatur
1529 2333 1642 2410 (ei),
1671 2335 1766 2391 sed
1798 2337 2180 2392 nominativum
2209 2336 2469 2409 pluralem
2500 2339 2577 2393 ita
2607 2338 2798 2409 scripta
2816 2332 2955 2405 signi-

717 2423 905 2481 ficabat
938 2431 999 2478 nt
1029 2422 1211 2478 amicei
1243 2420 1401 2476 bonel
1434 2419 1612 2475 doctei
1644 2419 1900 2477 Romanei
1929 2429 1985 2477 et
2015 2421 2236 2489 similia3
2269 2430 2322 2476 at
2351 2422 2395 2476 si
2428 2438 2524 2494 per
2548 2422 2722 2477 solum
2752 2419 2955 2490 iscripta

715 2517 899 2567 essent
944 2507 1151 2579 eadem,
1195 2505 1504 2580 genetivum
1532 2506 1862 2579 singularem
1910 2504 2166 2562 faciebant
2214 2515 2270 2561 ut
2316 2506 2474 2561 huius
2519 2508 2670 2563 amici
2711 2516 2762 2562 et
2789 2511 2951 2561 cetera.

714 2604 954 2651 ceterum
1009 2595 1059 2648 ei
1107 2609 1211 2665 pro
1269 2593 1284 2645 i
1341 2592 1418 2645 eis
1473 2590 1880 2646 condicionibus
1938 2608 2070 2664 quas
2126 2592 2315 2647 statuit
2373 2590 2607 2648 Lucilius
2662 2593 2854 2666 positae
2889 2594 2956 2641 sat

715 2679 882 2735 multa
925 2680 980 2735 in
1028 2677 1341 2750 fragmentis
1385 2676 1502 2730 eius
1548 2673 1817 2750 hodieque
1873 2684 2130 2749 superant
2185 2675 2445 2748 exempla.
2504 2707 2580 2716 —
2643 2679 2768 2732 satis
2807 2681 2955 2730 autem

712 2767 813 2822 iam
855 2760 1124 2821 constabit
1169 2766 1223 2818 ei
1252 2769 1378 2815 ‘tum
1425 2761 1682 2832 temporis
1725 2760 1867 2816 idem
1911 2762 2162 2815 sonuisse
2215 2761 2362 2833 qnod
2406 2764 2428 2815 i
2451 2748 2798 2834 porrectam,
2841 2759 2957 2812 sicut

715 2854 778 2907 ai
816 2866 927 2905 non
971 2847 1111 2905 aliud
1157 2857 1319 2920 atque
1364 2847 1460 2900 ae.
1542 2845 1712 2918 igitur
1753 2843 2128 2918 diphthongos
2173 2861 2310 2917 quae
2354 2845 2541 2902 auditu
2573 2862 2787 2919 quoque
2822 2855 2954 2917 prae·

713 2934 919 2990 ferrent
963 2931 1174 2988 finalem
1219 2933 1236 2986 i
1281 2937 1411 2985 tunc
1457 2931 1713 3002 temporis
1758 2945 1866 2984 non
1913 2928 2079 2984 fuisse
2110 2930 2405 2986 existimem
2451 2932 2554 2986 nisi
2597 2932 2652 2986 in
2689 2933 2817 3003 quoi
2849 2926 2956 2982 hoie

715 3017 947 3074 sortasse
991 3018 1151 3073 etiam
1196 3017 1400 3092 quoius
1440 3015 1628 3085 hoiuS,
1674 3014 1743 3069 ol)
1789 3013 1970 3069 odium
2017 3015 2263 3070 nimirum
2310 3032 2346 3069 u
2393 3023 2447 3083 et
2490 3019 2513 3070 i
2551 3016 2911 3088 copulatarum.

887 3100 983 3157 14.
1060 3102 1223 3156 meite
1256 3130 1330 3139 —-
1365 3101 1586 3163 meilia;
1640 3106 1828 3153 contra
1874 3115 1971 3153 eos
2026 3101 2116 3171 qui
2159 3100 2258 3154 iam
2318 3107 2430 3154 tum
2481 3099 2776 3155 scriberent
2814 3095 2953 3161 mitte,

711 3189 886 3245 millia
933 3186 1016 3241 vel
1059 3186 1232 3242 milia.
1279 3215 1354 3223 —-
1402 3186 1597 3240 meiles
1625 3185 1942 3247 meilitiam;
1986 3186 2108 3256 quia
2139 3182 2372 3239 Lucilius
2419 3191 2565 3240 recte
2606 3201 2726 3239 cum
2758 3184 2957 3238 Varrone

718 3268 798 3349 [d.
830 3273 867 3328 l.
901 3271 959 3327 L.
989 3271 1053 3341 V,
1085 3263 1196 3345 89]
1242 3269 1334 3326 illa
1378 3285 1493 3323 voc.
1540 3270 1759 3342 repetiit
1802 3286 1830 3322 a
1860 3271 2031 3340 mille,
2076 3285 2198 3324 cum
2243 3271 2444 3325 amicus
2487 3270 2603 3324 eius
2647 3269 2822 3324 Aelius
2842 3262 2956 3319 Stilo

717 3352 893 3433 [Paul.
936 3350 1085 3432 122]
1122 3357 1305 3429 inepte
1339 3361 1556 3427 putaret
1594 3353 1736 3409 dicta
1777 3372 1812 3409 α
1853 3356 2082 3422 mollitie
2121 3345 2254 3408 κατ’
2300 3344 2690 3429 ἆντίφρασιν.

880 3444 1074 3505 heic&
1116 3456 1228 3496 non
1257 3440 1452 3513 ignoro
1485 3436 1733 3512 equidem
1764 3454 1962 3512 negare
1991 3437 2386 3494 Lachmannum
2421 3433 2591 3514 [apud
2612 3439 2796 3496 Moms.
2816 3437 2953 3492 inser.

713 3546 760 3585 r.
807 3527 971 3601 Neap.
1006 3533 1044 3581 t.
1079 3519 1273 3601 5882]
1319 3523 1519 3597 legisse
1562 3538 1622 3577 se
1668 3522 1807 3596 apud
1836 3523 2130 3595 scriptores
2173 3521 2408 3579 adverbii
2453 3523 2680 3580 formam
2711 3524 2838 3595 hice,
2877 3531 2957 3572 nec

714 3614 885 3686 magis
929 3612 986 3666 in
1029 3609 1392 3665 monumentis
1437 3623 1552 3663 eam
1598 3623 1657 3661 se
1702 3608 1967 3663 invenisse
2010 3609 2197 3663 testari
2228 3608 2575 3664 Ritschelium
2626 3602 2721 3684 [de
2765 3602 2956 3663 miliario

715 3695 991 3769 Popiliano
1037 3709 1085 3749 e.
1122 3711 1174 3766 q.
1208 3711 1254 3749 s.
1292 3687 1421 3767 16].
1508 3691 1603 3747 sed
1649 3709 1770 3746 cum
1824 3692 1891 3746 de
1948 3691 2135 3746 formis
2181 3692 2338 3748 hince
2399 3686 2656 3770 [Bitschl.
2704 3692 2739 3748 1.
2785 3682 2875 3765 m.]
2913 3694 2956 3741 01

715 3782 852 3836 huce
900 3773 1040 3854 [Au.
1082 3795 1166 3850 ap.
1214 3777 1350 3831 Non.
1386 3776 1527 3847 127,
1558 3771 1626 3852 3]
1675 3784 1757 3829 sat
1801 3784 2038 3848 constet,
2084 3793 2192 3832 non
2238 3776 2448 3833 videtur
2491 3776 2834 3833 dubitandum
2859 3787 2956 3828 esse

713 3866 780 3921 de
823 3866 1005 3921 heice.
1080 3878 1198 3916 nam
1229 3869 1487 3933 quantum
1534 3861 1598 3917 ad
1633 3862 2035 3935 inscriptioneS,
2079 3861 2281 3936 legitur
2322 3862 2643 3934 plerumque
2686 3859 2953 3916 adverbium

711 3953 767 4007 in
811 3949 906 4007 illo
953 3945 1099 4021 qnod
1144 3945 1405 4001 formulae
1459 3947 1625 4002 vicem
1684 3947 1893 4020 optinet
1945 3947 2041 4001 hic
2095 3950 2239 4004 situs
2293 3953 2396 4002 est.
2498 3946 2755 4003 formulas
2809 3952 2953 4001 autem

700 4053 871 4111 quam
903 4033 1129 4089 maxime
1173 4030 1360 4086 breves
1404 4036 1461 4085 et
1502 4033 1744 4087 concisas
1773 4031 1950 4086 solere
1995 4047 2115 4087 esse
2146 4031 2265 4104 quis
2309 4032 2560 4105 ignorat?
2624 4039 2867 4105 quantum
2904 4023 2952 4080 ad

711 4123 1007 4196 scriptores
1051 4124 1240 4173 notum
1282 4114 1604 4189 plerumque
1656 4115 1991 4172 librariorum
2047 4115 2204 4189 culpa
2260 4117 2507 4172 omissam
2563 4118 2619 4173 in
2672 4112 2955 4191 pronomine

715 4204 926 4263 finalem
973 4221 1021 4261 e.
1109 4217 1286 4277 neque
1330 4199 1533 4256 Afranii
1576 4202 1915 4280 septenarius
1960 4218 2043 4275 ap.
2092 4201 2228 4257 Non.
2276 4199 2420 4273 318,
2462 4201 2501 4256 4
2548 4201 2710 4258 stabit
2754 4203 2847 4257 nisi
2886 4193 2956 4250 ad·

715 4290 875 4346 hibita
922 4289 1172 4363 longiore
1221 4287 1418 4342 forma:

969 4390 1056 4447 ubi
1103 4392 1222 4447 hice
1264 4390 1528 4464 Moschis,
1574 4406 1810 4464 quaeso,
1853 4391 2047 4462 habet,
2092 4395 2351 4449 meretrix·
2388 4385 2715 4467 Neapolitis?
