3267 5075
782 372 1313 439 QUAESTIONUM
1349 353 1915 430 LuoiLIANARUM
1952 374 2186 429 LIBER.
2490 384 2631 442 ΧΠ(

322 543 591 618 pleniore
623 543 856 619 sylloge
875 543 1107 602 haustis
1127 563 1243 602 uno
1264 546 1502 602 tantum
1522 548 1763 605 auctore
1783 545 2022 605 videtur
2049 564 2180 605 esse
2210 564 2354 604 usus
2375 545 2622 605 Nonius,

330 681 405 690 -
451 649 626 707 duxit
662 653 865 709 autem
902 669 1012 709 sua
1054 669 1125 708 ex
1164 650 1431 709 fontibus
1474 654 2022 727 praestantissimis,
2065 654 2127 711 id
2168 655 2327 729 quod
2368 653 2624 712 maxime

323 757 717 832 cognoscitur,
749 758 854 816 ubi
881 758 984 816 alii
1011 742 1386 833 grammatici
1413 759 1602 817 isdem
1630 763 1886 819 utuntur
1904 761 2274 837 fragmentiS,
2306 763 2368 819 et
2385 760 2625 837 quidem

320 864 384 922 in
413 867 708 939 quantum
749 864 1138 939 permittebat
1174 864 1356 932 insita
1383 864 1548 924 Afris
1578 868 1794 926 levitas
1826 871 1887 926 et
1916 868 2184 927 socordia
2219 869 2481 926 humana
2507 867 2625 926 fide

321 973 513 1030 maior
541 972 690 1030 satis
730 972 960 1031 curiose
1000 991 1067 1030 ac
1095 972 1430 1047 diligenter.
1487 974 1547 1031 id
1577 977 1647 1032 ut
1676 994 1746 1032 ex
1774 974 1885 1031 hac
1912 973 2129 1034 Lucilii
2156 974 2497 1033 recensione
2524 993 2625 1050 ap-

320 1079 575 1153 parebit,
630 1080 716 1138 ita
757 1079 988 1154 pridem
1029 1072 1227 1154 potuit
1271 1081 1683 1153 animadverti,
1726 1082 1777 1139 si
1816 1082 1992 1140 modo
2037 1081 2195 1139 docti
2237 1082 2339 1156 qui
2383 1081 2620 1140 edidere

321 1186 549 1261 scripta
585 1187 801 1261 quibus
834 1186 941 1246 ille
970 1187 1164 1244 utitur
1200 1189 1473 1245 accurate
1511 1206 1752 1246 noscere
1791 1207 1927 1245 eum
1962 1188 2403 1248 sustinuissent.
2420 1257 2424 1262 ,
2440 1220 2515 1229 --
2550 1190 2624 1247 de

320 1294 818 1368 explicationibus
858 1296 1059 1352 autem
1097 1295 1315 1353 additis
1354 1296 1496 1370 quid
1534 1296 1819 1355 sentirem
1856 1295 1998 1354 olim
2026 1296 2325 1355 declaravi
2359 1293 2440 1370 [d.
2468 1317 2514 1354 r.
2545 1315 2622 1354 m.

322 1402 405 1458 25
424 1432 499 1440 —
521 1398 653 1475 29].
710 1420 923 1475 nempe
961 1403 1031 1457 ut
1068 1420 1241 1459 caeca
1278 1403 1560 1461 animalia
1601 1404 1852 1461 eandem
1893 1402 2172 1462 continuo
2218 1404 2412 1460 solent
2454 1403 2623 1477 sequi

318 1508 580 1566 orbitam
611 1508 737 1568 sive
767 1509 1007 1582 planam
1036 1511 1098 1566 et
1127 1527 1436 1566 amoenam
1466 1510 1590 1569 sive
1621 1510 1987 1569 salebrosam
2017 1513 2078 1567 et
2105 1512 2353 1582 vastam,
2391 1509 2479 1567 ita
2506 1509 2625 1568 No-

316 1615 453 1676 nius
482 1615 706 1689 ubique
737 1615 1016 1675 observat
1052 1617 1579 1690 grammaticorum
1617 1635 1765 1692 quos
1798 1616 2109 1691 exscripsit
2150 1616 2372 1691 placita
2399 1616 2523 1700 sive
2553 1634 2624 1673 ea

321 1725 465 1779 sunt
492 1722 650 1779 falsa
677 1723 776 1782 vel
804 1723 1066 1781 absurda
1095 1743 1201 1782 seu
1229 1743 1372 1783 vera
1399 1726 1496 1783 vel
1527 1725 1788 1783 subtilia.

498 1829 696 1887 Fuere
723 1849 914 1905 nuper
940 1831 1044 1906 qui
1075 1832 1461 1891 adfirmarent
1498 1851 1676 1907 saepe
1712 1832 1775 1889 in
1810 1833 2160 1890 lemmatum
2196 1830 2621 1906 principalibus

319 1937 609 2011 exemplis
659 1956 731 1994 ex
771 1937 989 1995 eodem¹
1018 1939 1223 2013 petitis
1267 1943 1522 2011 auctore,
1568 1940 1672 1997 ubi
1716 1938 1994 1997 continuo
2042 1938 2247 1997 ordine
2290 1940 2397 1996 aut
2437 1957 2621 2012 parvo

318 2043 637 2103 intervallo
677 2039 741 2103 se
779 2047 1120 2119 sequantur,
1159 2046 1459 2126 interdum
1495 2046 1678 2131 etiam
1713 2046 1824 2103 hac
1860 2045 2202 2126 condicione
2236 2048 2306 2102 ut
2342 2063 2482 2103 casu
2520 2044 2624 2103 ali-

317 2171 434 2225 quo
474 2170 549 2209 ex
586 2151 779 2225 primo
815 2153 944 2211 loco
992 2153 1114 2211 sint
1148 2153 1348 2211 delata
1383 2153 1447 2210 in
1483 2153 1757 2225 alterum,
1803 2151 2063 2210 Nonium
2086 2153 2269 2227 sequi
2298 2165 2435 2209 eum
2472 2153 2623 2211 ordi-

318 2278 454 2316 nem
485 2258 860 2333 scriptorum,
892 2259 995 2333 qui
1022 2259 1085 2316 in
1114 2260 1552 2334 exemplaribus
1586 2279 1791 2319 eorum
1821 2259 1962 2318 olim
1991 2259 2190 2317 fuerit.
2242 2278 2395 2333 quae
2424 2260 2623 2318 obser-

319 2365 476 2424 vatio
510 2368 579 2423 ut
609 2384 680 2423 ex
708 2384 927 2441 magna
954 2369 1126 2441 parte
1156 2367 1317 2425 haud
1337 2358 1529 2425 'dubia
1555 2385 1664 2424 nec
1691 2367 1906 2425 inscita
1923 2386 2115 2442 neque
2141 2366 2388 2439 inutiIiS,
2419 2369 2624 2425 tamen

228 2519 236 2526 .
319 2491 435 2531 non
471 2473 561 2530 ita
598 2472 857 2529 multum
896 2472 1124 2548 profuit
1159 2471 1330 2532 nobis
1369 2474 1444 2532 ad
1481 2474 1832 2550 legitimum,
1873 2474 1975 2549 qui
2004 2473 2146 2532 olim
2176 2473 2435 2549 optinuit
2461 2474 2622 2549 apud

320 2556 634 2652 Lucilium,
686 2580 1005 2640 verborum
1046 2581 1314 2640 ordinem
1360 2582 1848 2656 recuperandum.
1924 2598 2064 2639 nam
2111 2583 2180 2639 ut
2226 2570 2499 2639 omittam
2546 2582 2622 2639 ad

320 2689 500 2761 caput
541 2689 827 2761 quartum
870 2706 942 2745 ex
983 2689 1256 2747 omnibus
1299 2689 1833 2763 locupletissimum
1870 2689 2146 2764 idemque
2187 2688 2622 2748 feracissimum
2699 2756 2708 2760 α

320 2779 728 2868 exemplorum
757 2794 1216 2869 Lucilianorum,
1258 2795 1308 2855 si
1344 2797 1519 2855 modo
1558 2797 1810 2868 omnino,
1848 2797 2040 2854 multo
2078 2799 2237 2853 certe
2267 2797 2463 2855 minus
2492 2815 2622 2871 per-

319 2900 509 2959 tinere
547 2901 705 2958 hunc
742 2902 1091 2961 lemmatum
1128 2903 1545 2978 principalium
1584 2923 1776 2975 usum,
1816 2923 1935 2962 non
1974 2922 2208 2978 semper
2247 2904 2450 2961 stricte
2489 2923 2622 2962 nor-

318 3027 493 3081 mam,
525 3027 708 3083 quam
729 3028 911 3084 supra
930 3010 1050 3067 dixi
1073 3011 1379 3071 observari
1392 3011 1648 3069 maxime
1668 3015 1920 3086 apparet
1948 3030 2020 3068 ex
2038 2984 2399 3086 Vergilianis
2429 3030 2621 3069 exem-

320 3115 448 3188 plis,
487 3100 658 3189 quae·
680 3116 841 3174 haud
878 3136 1013 3175 raro
1051 3118 1167 3176 alio
1205 3137 1448 3193 prorsus
1486 3137 1668 3193 quam
1705 3137 1883 3193 quem
1918 3118 2093 3176 modo
2131 3118 2386 3177 indicavi
2422 3136 2621 3192 proce-

320 3221 469 3279 dunt
525 3223 757 3298 ordine3
815 3224 981 3282 cuius
1033 3225 1121 3282 rei
1173 3244 1353 3285 causa
1403 3228 1644 3301 praeter
1689 3226 1999 3285 levitatem
2043 3224 2619 3298 inconstantiamque

319 3328 498 3388 Nonii
525 3329 741 3388 idonea
768 3331 1108 3407 proferetur
1125 3333 1309 3390 nulla.
1356 3333 1558 3407 itaque
1579 3333 1738 3407 quod
1768 3352 1946 3408 saepe
1974 3332 2036 3390 in
2055 3332 2337 3408 Vergilio,
2369 3350 2474 3389 cur
2502 3350 2621 3389 non

320 3437 639 3510 aliquando
676 3437 740 3494 in
775 3436 1009 3497 Lucilio
1045 3438 1160 3497 sibi
1195 3440 1549 3515 indulgeret,
1590 3441 1758 3498 cuius
1800 3440 1970 3498 libris
2008 3440 2108 3514 vix
2145 3438 2470 3515 quidquam
2506 3438 2621 3496 fre-

320 3544 600 3618 quentius
643 3544 720 3602 ab
766 3562 834 3604 eo
877 3545 1146 3603 adhiberi
1189 3545 1463 3604 constat?
1511 3566 1629 3606 uno
1673 3547 2093 3606 demonstrabo
2133 3540 2400 3620 exemplo
2439 3563 2620 3619 quam

323 3650 399 3708 sit
426 3651 594 3708 aleae
624 3650 870 3725 plenum
898 3654 1144 3726 propter
1182 3653 1657 3713 observationem
1699 3672 1880 3728 supra
1907 3653 2274 3728 propositam
2301 3653 2618 3710 immutare

322 3758 543 3815 temere
572 3756 755 3815 fidem
781 3757 1087 3816 librorum.
1135 3758 1255 3817 fuit
1279 3760 1383 3834 qui
1400 3759 1618 3818 Lucilii
1644 3778 1871 3832 versus,
1908 3778 2056 3835 quos
2085 3760 2340 3836 legimus
2374 3761 2473 3833 22,
2507 3762 2617 3836 303

326 3864 420 3936 23,
453 3866 491 3923 3
529 3863 702 3922 libris
739 3862 826 3920 XI
854 3866 916 3922 et
942 3863 1061 3922 vn
1097 3863 1445 3941 adscriptos,
1482 3867 1693 3925 manet
1728 3867 1915 3925 tribui
1950 3867 1989 3925 1.
2028 3866 2140 3924 xv
2169 3848 2239 3924 ‘et
2274 3865 2462 3939 xvn,
2502 3885 2624 3942 quo

198 4051 211 4056 ·
322 3970 460 4029 ordo
491 3970 903 4045 exemplorum
941 3990 1012 4028 ex
1049 3973 1259 4048 eodem
1293 3976 1475 4047 poeta
1506 3974 1850 4049 petitorum,
1885 3974 1988 4049 qui
2017 3973 2247 4048 optinet
2275 3993 2310 4032 a
2341 3975 2440 4047 21,
2476 3975 2511 4031 2
2543 3971 2619 4031 ad

326 4077 420 4149 22,
455 4078 535 4136 27
567 4079 711 4152 apte
730 4077 1194 4137 continuaretur.
1244 4080 1351 4138 sed.
1379 4084 1449 4138 ut
1477 4081 1753 4140 omittam
1771 4080 1969 4139 minus
2001 4099 2130 4139 esse
2150 4080 2458 4156 probabile
2488 4099 2619 4139 con-

321 4182 582 4245 tinuatos
613 4185 764 4244 duos
802 4203 1079 4244 numeros
1118 4205 1304 4261 aeque
1332 4187 1541 4255 haberi
1568 4190 1895 4263 corruptOS,
1939 4187 2099 4263 fugit
2125 4188 2422 4247 hominem
2452 4187 2619 4263 prius

322 4288 728 4367 fragmentum
757 4291 938 4350 etiam
979 4294 1123 4364 338,
1160 4296 1241 4353 10
1270 4293 1463 4353 eidem
1490 4295 1529 4354 l.
1557 4295 1646 4353 XI
1672 4295 1984 4353 tributum.
2021 4325 2094 4335 —
2137 4297 2449 4369 praeterea
2474 4294 2619 4369 quid

322 4396 634 4472 lucramur,
665 4401 738 4457 ut
756 4402 990 4459 constet
1007 4402 1168 4459 cer-to
1197 4400 1306 4460 hos
1328 4419 1537 4460 versus
1566 4403 1665 4461 vel
1683 4402 1818 4461 illos
1847 4402 1911 4460 in
1930 4401 2222 4461 continuis
2251 4401 2471 4460 saturis
2494 4397 2617 4460 sive

2114 4499 2192 4553 b*
