3267 5075
542 381 674 445 222
1471 381 1694 434 LIBER
1729 381 1905 436 VIIII.

540 549 712 604 mines
756 548 993 604 rusticos
1037 548 1149 603 sive
1193 548 1245 602 in
1276 555 1424 603 recte
1454 546 1713 621 loquendi
1744 547 1957 622 legibus
1987 547 2421 605 demonstrandis
2465 547 2630 621 (sicut
2658 549 2836 606 visum

541 632 878 688 Lachmanno
910 649 1117 689 comm.
1163 631 1317 688 Lucr.
1365 628 1510 730 4162
1569 649 1634 687 au
1679 649 1741 688 ea
1786 632 2132 708 neglegentia
2176 650 2431 707 praeceps
2477 633 2671 707 datus,
2728 650 2839 708 qua

541 733 663 773 eum
707 717 1030 790 plerumque
1075 724 1241 772 extra·
1269 725 1588 790 composita,
1633 715 1714 772 bis
1763 724 1909 772 terve
1954 719 2113 773 etiam
2156 720 2211 773 in
2257 720 2339 774 his
2383 719 2656 792 simplices
2701 734 2838 774 con-

539 818 700 858 sonas
743 801 866 858 loco
912 802 1300 875 geminatarum
1346 801 1657 856 adhibuisse
1702 801 1860 857 docui
1906 801 2051 874 alibi,
2096 801 2314 859 difficile
2358 802 2583 858 hercule
2625 804 2842 876 poterit

539 885 833 942 diiudicari.
924 895 1166 943 ceterum
1210 887 1369 942 etiam
1401 902 1485 959 ap.
1518 885 1673 941 Lucr.
1706 886 1793 956 Vl,
1827 885 1989 943 1135
2036 887 2239 943 fertur:
2287 905 2362 944 an
2395 890 2624 944 caelum
2667 889 2841 944 nobis

541 974 695 1029 ultro
735 978 953 1027 natura
985 978 1286 1043 coruptum
1302 994 1320 1034 ‚-
1366 969 1454 1025 ubi
1484 969 1850 1025 Lachmannus
1883 972 2059 1027 minus
2089 971 2229 1027 bene
2259 980 2537 1028 coortum.
2608 971 2838 1028 videnda

539 1057 697 1112 etiam
743 1072 881 1130 quae
924 1055 1151 1111 diximus
1195 1055 1249 1111 d.
1296 1072 1341 1110 r.
1387 1071 1459 1112 m.
1506 1054 1649 1114 360.

709 1139 770 1198 3.
844 1139 1048 1195 Gellius
1092 1140 1156 1211 V,
1197 1139 1300 1210 20,
1343 1140 1525 1213 3sqq.
1582 1156 1712 1195 cum
1742 1140 2058 1196 ’Graecum
2115 1147 2303 1197 autem
2361 1141 2705 1197 vocabulum
2761 1144 2840 1198 sit

540 1228 925 1295 soloecismus,
972 1242 1050 1280 an
1095 1226 1272 1281 Attici
1297 1225 1571 1296 homines,
1616 1227 1719 1296 qui
1743 1217 2062 1297 elepantius
2089 1228 2272 1282 locuti
2296 1232 2451 1297 sunt,
2497 1230 2593 1281 usi
2619 1241 2686 1282 eo
2716 1229 2840 1283 sint

539 1314 752 1383 quaeri
789 1312 961 1378 solet,
1017 1311 1122 1365 sed
1161 1324 1268 1364 nos
1312 1324 1498 1382 neque
1540 1311 1931 1365 soloecismum
1976 1326 2164 1383 neque
2206 1311 2629 1367 barbarismum
2671 1313 2844 1382 apud

542 1395 898 1451 Graecorum
928 1396 1163 1450 idoneos
1192 1395 1385 1450 adhuc
1413 1396 1762 1450 invenimus.-
1805 1412 1939 1451 nam
1970 1397 2122 1452 sicut
2149 1389 2477 1470 βάρβαρον,
2522 1398 2606 1450 ita
2637 1391 2837 1450 σόλοι-

537 1493 648 1535 κον
689 1480 983 1535 dixerunt.
1071 1481 1259 1535 nostri
1299 1493 1525 1552 quoque
1570 1481 1927 1552 antiquiores
1973 1483 2257 1536 soloecum
2296 1480 2513 1553 facile,
2561 1482 2839 1536 soloecis-

539 1582 687 1621 mum
729 1564 890 1620 haud
929 1567 1049 1620 scio
1080 1582 1155 1619 an
1187 1568 1512 1636 numquam·
1536 1565 1831 1620 disserunt.
1878 1594 1962 1604 —
2007 1563 2170 1620 habes
2202 1573 2377 1620 tamen
2422 1564 2477 1619 id
2508 1563 2837 1620 vocabulum

538 1666 623 1723 ap.
668 1657 809 1705 auct.
854 1647 918 1703 ad
965 1648 1291 1705 Herennium
1336 1646 1446 1719 llll,
1481 1648 1579 1719 12,
1618 1649 1725 1716 173
1772 1664 1891 1703 nam
1921 1647 2158 1704 Lucilius
2190 1651 2318 1722 quin
2351 1645 2611 1705 Graecum
2643 1650 2838 1722 potius

538 1731 843 1789 adhibuerit
885 1751 993 1789 non
1038 1731 1334 1791 intercedo.

708 1817 766 1874 4.
840 1837 877 1873 a
917 1821 1165 1891 primum
1208 1820 1378 1891 lonya
1412 1818 1574 1874 brevi
1598 1818 1845 1890 syllaba.
1921 1817 2051 1873 haec
2080 1816 2364 1891 depravata
2393 1818 2529 1874 adeo
2579 1828 2637 1874 ut
2667 1820 2836 1874 resti-

538 1905 618 1959 tui
662 1919 771 1958 non
817 1904 1052 1976 possint.
1139 1919 1197 1957 ac
1252 1903 1483 1974 primum
1540 1903 1777 1956 omnium
1836 1911 2057 1975 apparet
2115 1900 2430 1958 vocabulum
2487 1902 2718 1958 alterum
2765 1914 2837 1958 ex

539 1991 721 2061 priore
767 2004 925 2042 versu
956 1987 1260 2059 irrepsisse.
1334 1985 1527 2041 deinde
1570 1986 1661 2041 illa
1691 1989 1865 2060 lonqa
1897 1987 2056 2042 brevi
2082 1987 2309 2057 syllaba
2341 1995 2395 2041 et
2429 2004 2595 2042 sensu
2640 1988 2835 2061 inepto

538 2071 794 2144 verbique
839 2069 1056 2126 defectu
1101 2087 1200 2125 nec
1243 2072 1418 2127 minus
1464 2072 1621 2126 metri
1666 2071 1794 2127 vltio
1843 2074 1981 2146 (nam
2013 2071 2249 2127 Lucilius
2294 2073 2347 2126 in
2393 2080 2653 2144 quantum
2696 2089 2836 2127 cou-

539 2164 646 2211 stat
687 2154 878 2210 breves
925 2153 1109 2211 finales
1153 2155 1506 2227 sequentibus
1552 2154 1757 2210 duabus
1788 2157 2042 2212 consonis
2087 2173 2196 2211 non
2225 2154 2501 2229 produxit)
2542 2155 2673 2212 salsa
2705 2173 2835 2212 esse

537 2240 819 2297 evincitur.
895 2240 1037 2296 Accii
1083 2240 1270 2313 utique
1314 2239 1508 2313 placita
1552 2242 1818 2313 respexit:
1866 2255 2001 2314 quae
2045 2240 2304 2314 particula
2351 2247 2545 2296 tamen
2590 2240 2833 2297 adhibita

527 2326 773 2430 ⁵propriis
816 2324 1134 2381 confutavit.
1192 2355 1268 2365 —
1326 2332 1388 2380 ut
1430 2326 1711 2388 diximus;
1763 2326 1818 2380 in
1875 2327 1954 2380 eis
2011 2340 2147 2398 quae
2204 2326 2385 2381 omisit
2439 2325 2694 2381 Scaurus.
2742 2357 2832 2367 —

538 2408 697 2486 Αρες
739 2403 940 2485 ’Ἀρεςς
1008 2409 1078 2465 cs.
1133 2409 1195 2464 ll.
1237 2409 1299 2480 V,
1342 2408 1418 2464 31
1457 2398 1626 2484 ’Ἆρες
1667 2404 1843 2484 ’'Abeg-
1892 2403 2225 2485 βροτολοιγέ
2278 2426 2399 2465 cum
2456 2411 2602 2467 notis
2654 2413 2831 2466 inter—

536 2502 768 2570 pretum.
818 2526 896 2534 -—
944 2503 1181 2551 ceterum
1228 2495 1356 2568 quin
1403 2496 1560 2550 etiam
1605 2494 1841 2568 reliquas
1874 2495 2083 2551 vocales
2126 2494 2277 2550 nullo
2307 2494 2615 2551 discrimine
2655 2512 2829 2569 quan-

540 2583 749 2637 titatum
793 2579 1064 2654 simplices
1108 2579 1268 2635 scribi
1313 2580 1545 2635 voluerit
1589 2580 1824 2635 Lucilius
1872 2579 2008 2635 haud
2054 2579 2273 2635 dubium
2309 2576 2418 2635 est.

663 2713 672 2724 ·
708 2683 768 2739 6.
839 2682 998 2738 verba
1028 2681 1336 2749 Quintiliani
1381 2683 1681 2737 accuratius
1726 2682 2060 2738 considerata
2107 2684 2199 2755 qui
2242 2682 2536 2738 contulerit
2580 2700 2699 2738 cuin
2745 2685 2826 2739 eis

538 2785 675 2844 quae
732 2768 916 2842 paullo
973 2776 1096 2823 ante
1154 2774 1436 2822 monuerat
1488 2765 1629 2821 idem
1687 2765 1754 2821 de
1811 2768 1866 2821 ei
1908 2775 1962 2821 et
2006 2770 2029 2823 i
2082 2783 2181 2840 pro
2240 2767 2553 2823 diversitate
2603 2784 2824 2824 casuum

535 2853 903 2909 discernendis
950 2850 1125 2923 deque
1154 2850 1342 2906 Lucilii
1387 2852 1441 2905 in
1488 2850 1586 2906 hac
1631 2859 1785 2924 parte
1829 2854 2153 2925 praeceptis,
2199 2868 2308 2907 non
2338 2853 2546 2924 poterit
2576 2851 2826 2909 dubitare

540 2939 668 3010 quin
712 2936 947 2993 Lucilius
992 2938 1109 3010 ipse
1154 2935 1541 2991 commendarit
1585 2937 1848 2991 rationem
1895 2952 2081 2991 eorum
2129 2937 2219 3009 qui
2266 2939 2328 2991 ai
2354 2938 2611 3009 genetivo
2642 2946 2696 2992 et
2727 2938 2818 2993 da-

540 3024 649 3077 tivo
695 3022 929 3094 primae,
986 3036 1056 3075 ae
1110 3021 1436 3075 nominativo
1482 3018 1830 3088 adhiberent3
1889 3020 2051 3093 idque
2107 3022 2281 3094 ipsum
2335 3020 2490 3076 Nonii
2537 3030 2594 3077 et
2637 3021 2825 3077 Scauri

537 3104 800 3161 libroruin
854 3105 1177 3178 corruptelis
1234 3105 1568 3177 apertissime
1623 3105 1909 3161 adseritur.
2007 3115 2247 3160 ceterum
2302 3104 2570 3160 simillima
2627 3106 2710 3162 his
2768 3115 2826 3161 et

537 3190 733 3265 quibus
779 3191 1130 3264 hic.quoque
1175 3205 1204 3243 e
1250 3189 1501 3243 Varronis
1558 3188 1706 3244 libris
1762 3198 1973 3263 sumpta
2033 3195 2287 3262 appareat
2347 3189 2412 3244 de
2457 3188 2649 3246 Lucilii
2691 3190 2820 3246 doc·

536 3278 678 3331 trina
727 3292 863 3349 quae
910 3281 1276 3330 memorantur
1318 3280 1504 3328 extant
1543 3273 1684 3347 apud
1724 3273 1925 3328 Velium
1969 3272 2217 3348 Longum
2263 3272 2428 3329 2222
2483 3277 2716 3347 quidam
2762 3280 2822 3332 in

534 3362 651 3417 hac
693 3377 919 3434 quoque
962 3363 1275 3432 scriptione
1319 3359 1622 3415 voluerunt
1667 3374 1792 3414 esse
1836 3361 2245 3431 differentiam,
2300 3365 2363 3414 ut
2395 3361 2657 3430 pluralis
2697 3364 2822 3434 qui—

534 3448 657 3502 dem
701 3449 929 3503 numeri
969 3448 1352 3502 nominativus
1395 3459 1573 3500 casus
1611 3459 1724 3515 per
1754 3462 1789 3499 a
1820 3450 1877 3499 et
1911 3459 1941 3498 e
1985 3445 2298 3515 scribatur,
2341 3447 2641 3516 yenetivus
2683 3461 2823 3502 vero

535 3533 849 3603 sinyularis
895 3529 1007 3602 per
1061 3548 1096 3585 a
1143 3537 1198 3585 et
1240 3533 1293 3601 i,
1348 3530 1464 3585 hoc,
1515 3545 1740 3606 quoque
1784 3535 2256 3602 aryumentantes
2307 3530 2462 3602 quod
2500 3530 2825 3587 dihaeresis

537 3618 654 3671 sive
696 3616 973 3685 dialepsis
1014 3617 1115 3671 illa
1159 3617 1389 3671 dicetur
1433 3633 1468 3670 a
1512 3617 1854 3670 nominativo
1906 3616 2131 3686 plurali
2170 3631 2282 3670 non
2325 3614 2393 3684 fit
2437 3616 2543 3670 sed
2584 3631 2665 3673 ex
2706 3621 2822 3673 sin-

534 3701 730 3772 yulari
783 3700 1008 3770 obliquo
1064 3715 1191 3754 cum
1246 3702 1456 3756 dicitur
1510 3702 1673 3764 aulai
1723 3702 1781 3754 in
1836 3701 2016 3755 medio
2073 3706 2127 3755 et
2170 3700 2324 3755 dives
2373 3715 2608 3772 equum,
2665 3703 2825 3759 dives

531 3785 719 3856 pictai
760 3786 949 3838 vestis.
1026 3781 1113 3837 ubi
1160 3767 1401 3857 Longin'e
1446 3801 1510 3838 an
1553 3781 1892 3838 librariorum
1937 3786 2051 3838 eius
2094 3783 2249 3857 culpa
2294 3783 2455 3839 dativi
2502 3787 2705 3842 mentio
2751 3788 2824 3843 sit

537 3869 734 3924 omissa
775 3867 1065 3923 incertum.
1109 3897 1194 3904 ——
1235 3869 1338 3922 iam
1382 3884 1503 3923 cum
1534 3866 1779 3942 pluribus
1812 3867 2049 3922 versibus
2096 3868 2162 3922 de
2207 3873 2448 3924 uictae
2479 3869 2825 3945 distinguen-

536 3953 618 4009 dis
661 3952 981 4008 disseruerit
1009 3950 1265 4021 Lucilius„
1312 3951 1450 4007 haud
1496 3951 1656 4008 dubie
1700 3952 1859 4007 etiam
1902 3952 2180 4008 subiunxit
2208 3962 2490 4026 praecepta
2519 3955 2712 4011 similia
2742 3957 2825 4011 eis

538 4037 731 4111 quibus
775 4036 936 4111 pilam
982 4044 1039 4092 et
1083 4035 1189 4109 pila
1231 4034 1503 4108 discrevit,
1546 4053 1595 4092 e.
1626 4055 1675 4095 c.
1724 4052 1833 4111 quo
1879 4037 2085 4092 caelum
2130 4054 2158 4092 a
2204 4053 2312 4110 quo
2357 4037 2564 4096 caelare
2593 4038 2823 4112 dictum,

534 4129 590 4178 et
633 4121 837 4179 caelum
884 4121 1031 4195 quod
1076 4126 1160 4176 est
1202 4109 1476 4195 οὐρανός,
1520 4121 1830 4178 diversitate
1875 4123 2175 4195 scripturae
2219 4130 2595 4180 noscerentur.
2671 4133 2825 4180 cete-

534 4223 656 4263 rum
699 4207 1099 4282 diphthongum
1145 4221 1206 4261 ae
1249 4200 1470 4263 Romani
1515 4222 1625 4260 non
1670 4207 1814 4262 sicut
1854 4222 1956 4263 nos
2003 4207 2178 4262 mixtis
2229 4207 2431 4262 interse
2475 4215 2531 4264 et
2575 4208 2828 4286 confusis

534 4308 563 4348 a
610 4299 665 4347 et
708 4308 739 4347 e
783 4290 1232 4364 pronuntiabant,
1277 4289 1372 4345 sed
1418 4298 1479 4345 ut
1521 4291 1854 4363 praevaleret
1898 4308 1947 4361 a,
1993 4289 2278 4347 obscurata
2323 4307 2383 4362 e,
2441 4309 2614 4366 paene
2658 4301 2719 4349 ut
2763 4296 2823 4350 in

535 4376 748 4434 Graecis
793 4377 809 4429 l
854 4391 993 4448 quae
1023 4373 1284 4430 subscribi
1309 4374 1468 4429 solet.
1515 4404 1598 4417 —-
1645 4375 1838 4447 quodsi
1867 4382 2015 4430 recte
2046 4375 2273 4431 diximus
2304 4372 2565 4433 Lucillum
2595 4386 2825 4452 putasse

193 4735 1679 5003 lm
