3267 5075
588 431 715 502 180
1248 428 1706 491 TsssrmomA
1743 431 1839 488 DE
1878 430 2188 490 Lucam.

759 598 1118 685 ingenium,
1167 597 1377 682 capsis
1425 617 1614 682 quem
1659 597 1898 661 famast
1941 619 2080 661 esse
2127 597 2434 682 librisque

759 714 1128 783 ambustum
1172 714 1467 797 propriis.
1559 712 1754 778 fuerit
1797 711 2106 795 Lucilius,
2151 712 2442 797 inquam,

631 830 716 894 65
762 829 961 895 comis
1008 832 1074 893 et
1118 830 1431 912 urbanus,
1476 828 1672 893 fuerit
1713 828 1996 892 limatior
2040 828 2241 911 idem,

760 967 953 1030 quam
998 943 1175 1008 rudis
1219 932 1288 1007 et
1331 942 1593 1027 Graecis
1639 943 1867 1007 intacti
1913 942 2213 1007 carminis
2261 946 2484 1006 auctor

762 1081 1079 1144 quamque
1124 1052 1460 1142 poetarum
1507 1059 1831 1123 seniorum
1876 1057 2095 1140 turba3
2144 1058 2254 1122 sed
2300 1058 2434 1139 ille,

760 1174 816 1237 si
862 1174 1029 1238 foret
1073 1174 1195 1238 hoc
1240 1178 1537 1267 nostrum
1582 1175 1717 1238 fato
1766 1173 2013 1237 dilatus
2047 1174 2117 1236 in
2164 1194 2416 1256 aevum,

762 1289 1075 1352 detereret
1120 1288 1244 1353 sibi
1289 1289 1519 1372 multa,
1564 1289 1874 1354 recideret
1918 1310 2107 1353 omne
2154 1288 2327 1372 quod
2372 1288 2542 1352 ultra

629 1404 714 1468 70
757 1403 1110 1487 perfectum
1153 1403 1541 1487 traheretur,
1586 1407 1652 1467 et
1697 1403 1766 1466 in
1812 1425 1999 1468 versu
2041 1403 2335 1467 faciendo

760 1539 949 1602 saepe
995 1521 1190 1601 caput
1234 1518 1547 1602 scaberet,
1592 1519 1771 1583 vivos
1818 1523 1884 1582 et
1926 1518 2182 1583 roderet
2225 1539 2490 1603 ungues

760 1655 948 1717 saepe
997 1633 1216 1697 stilum
1260 1636 1499 1717 vertas,
1544 1633 1780 1698 iterum
1825 1655 1988 1719 quae
2034 1633 2232 1718 digna
2277 1633 2406 1717 legi
2452 1631 2587 1696 sint

760 1749 1137 1835 scripturus,
1181 1769 1388 1833 neque
1433 1752 1499 1811 te
1544 1753 1619 1813 ut
1663 1749 1930 1812 miretur
1973 1748 2165 1812 turba
2207 1749 2488 1832 labores,

760 1838 1122 1929 contentus'
1144 1865 1365 1947 paucis
1412 1864 1774 1928 lectoribus
1866 1886 1950 1928 an
1994 1867 2109 1927 tua
2153 1864 2412 1927 demens

630 1981 667 2044 7
674 1980 715 2043 ὃ
761 1980 994 2075 vilibus
1039 1978 1321 2073 inoludis
1368 1979 1594 2044 dictari
1640 1978 1925 2044 carmina
1969 1979 2201 2043 malis‘?

756 2116 890 2158 non
936 2114 1084 2178 ego:
1130 2116 1284 2187 nam
1322 2094 1480 2159 satis
1518 2098 1619 2159 est
1656 2093 1936 2179 equitem
1971 2094 2132 2156 mihi
2166 2094 2487 2177 plaudere,
2535 2098 2608 2158 ut
2646 2096 2894 2180 audax,

759 2208 1142 2292 contemptis
1190 2209 1361 2294 aliis,
1391 2205 1670 2292 ”explosa
1714 2208 2075 2273 Arbuscula
2122 2208 2296 2273 dixit.

759 2347 908 2389 men
953 2322 1207 2389 moveat
1253 2325 1457 2389 cimex
1501 2323 1846 2407 Pantilius,
1894 2328 2006 2389 aut
2050 2324 2287 2388 cruciet
2332 2325 2504 2409 quod

757 2440 1010 2503 vellicet
1054 2439 1388 2504 absentem
1434 2438 1826 2523 Demetrius,
1873 2444 1985 2504 aut
2031 2440 2202 2524 quod
2245 2440 2504 2523 ineptus

627 2556 713 2620 80
758 2555 1045 2621 Fannius
1091 2555 1521 2641 Hermogenis
1566 2554 1782 2620 laedat
1827 2556 2095 2620 conviva
2139 2555 2415 2640 Tigelli?

757 2670 1004 2735 Plotius
1050 2675 1116 2736 et
1160 2670 1424 2754 VariuS,
1468 2669 1808 2736 Maecenas
1855 2670 2334 2755 Vergiliusque,

757 2786 1027 2871 Valgius
1073 2790 1140 2851 et
1182 2786 1414 2870 probet
1456 2786 1614 2850 haec
1661 2785 1963 2851 Octavius
2010 2786 2293 2870 optimus
2339 2790 2531 2872 atque

758 2900 1001 2966 Fuscus
1049 2905 1115 2965 et
1157 2902 1315 2966 haec
1360 2902 1610 2966 utinam
1656 2900 1996 2967 Viscorum
2042 2902 2259 2966 laudet
2303 2903 2598 2987 uterque!
2712 2894 2725 2900 ’

751 3015 1108 3081 *ambitione
1155 3018 1439 3102 relegata
1481 3021 1546 3082 te
1595 3017 1801 3082 dicere
1845 3039 2137 3102 possum,

626 3132 712 3198 85
756 3130 938 3197 Polio
949 3183 967 3218 ,
1011 3136 1104 3218 te,
1147 3131 1475 3219 Messalla,
1519 3137 1633 3199 tuo
1679 3155 1824 3198 cum
1868 3134 2093 3218 fratre,
2139 3131 2456 3219 simulque

756 3270 897 3334 vos,
943 3244 1171 3313 Bibule
1219 3253 1284 3313 et
1330 3246 1537 3335 Servi,
1584 3248 1776 3314 simul
1820 3249 1922 3314 his
1967 3253 2059 3333 te,
2105 3249 2371 3314 candide
2415 3247 2646 3334 Furni,

757 3364 1092 3449 conplures
1140 3363 1327 3449 alios,
1374 3363 1595 3432 doctos
1642 3385 1762 3450 ego
1810 3387 1970 3450 quos
2018 3369 2082 3431 et
2127 3364 2366 3430 amicos

757 3477 1036 3564 prudens
1080 3483 1439 3565 praetereo,
1488 3480 1720 3566 quibus
1765 3481 1950 3563 haec,
1997 3484 2149 3546 sunt
2193 3480 2715 3570 qualiacumque,

759 3591 1033 3659 arridere
1078 3597 1297 3681 velim,
1343 3596 1684 3680 doliturus,
1732 3596 1787 3660 si
1831 3597 2129 3680 placeant
2152 3618 2285 3681 spe

624 3707 712 3775 90
758 3706 1033 3775 deterius
1077 3717 1316 3778 nostra.
1408 3710 1723 3795 Demetri,
1768 3715 1984 3797 teque,
2031 3712 2288 3799 Tigelli,

758 3824 1211 3908 discipularum
1256 3827 1425 3891 inter
1468 3827 1659 3892 iubeo
1705 3828 1957 3911 plorare
2004 3827 2356 3894 cathedras.

756 3939 806 4025 i,
850 3961 1034 4024 puer,
1082 3944 1273 4025 atque
1318 3964 1461 4009 meo
1508 3944 1672 4009 citus
1720 3943 1880 4009 haec
1926 3944 2253 4009 subscribe
2299 3942 2534 4009 libello.

1543 4081 1666 4150 XX
1712 4083 1892 4172 [175]

842 4169 928 4237 ib.
970 4167 1055 4257 H,
1105 4173 1171 4237 1:

756 4290 932 4352 ‘sunt
978 4287 1209 4372 quibus
1254 4286 1324 4350 in
1369 4287 1567 4352 satira
1609 4290 1830 4355 videor
1874 4289 2067 4356 nimis
2115 4312 2259 4355 acer
2302 4296 2369 4357 et
2412 4292 2583 4356 ultra

755 4402 964 4487 legem
1005 4403 1267 4467 tendere
1313 4425 1503 4488 opus3
1551 4404 1689 4468 sine
1734 4406 1948 4470 nervis
1997 4407 2198 4471 altera
2244 4407 2554 4493 quidquid
