3267 5075
1337 350 1556 404 LIBER
1591 351 1630 407 Ι.
1675 352 1741 404 Π.
2646 347 2681 410 7

1163 511 1474 578 XXXVII
1521 513 1757 598 [VIIIL
1808 515 1917 595 13]

566 650 761 713 porro
808 628 1216 713 cleinopodas
1260 628 1674 715 lychnosque‚
1719 633 1794 695 ut
1837 628 2096 694 diximu'
2144 628 2431 714 σεμνῶς,

568 744 710 808 anti
755 743 969 828 ‘pedes
1013 744 1187 809 lecti’
1236 747 1425 829 atque
1475 745 1816 811 ‘lucernas'
1879 804 1913 813 -
1934 794 2080 818 ec..
2099 771 2138 813 ‘e

1288 916 1615 989 LIBER
1685 916 1778 990 II.

1392 1046 1426 1112 I
1473 1049 1612 1129 [12]
1645 1070 1684 1112 a

565 1214 605 1225 ..
623 1205 661 1224 υ
724 1161 916 1227 homo
964 1162 1300 1247 inpuratus
1348 1166 1414 1227 et
1459 1163 1704 1247 inpuno
1751 1163 1974 1247 estque
2018 1164 2310 1247 rapister.

1393 1278 1459 1342 H
1505 1280 1600 1359 [7]
1630 1280 1673 1342 b

566 1414 704 1458 non
750 1393 908 1458 dico,
999 1392 1177 1458 vivat
1218 1394 1371 1459 licet
1415 1397 1480 1459 et
1524 1415 1728 1479 vagus
1774 1396 2012 1479 exulet,
2058 1398 2227 1460 erret

567 1509 767 1573 exlex.
873 1549 883 1554 -
1384 1572 1389 1576 .

1356 1598 1455 1663 ΠΙ
1501 1601 1641 1681 [20]
1672 1623 1706 1665 c

568 1753 1382 1774 υυυυυυυυυυυυυυυ
1426 1727 1563 1770 iure

473 1820 521 1885 5
567 1819 918 1885 consultus

1382 1933 1479 2016 IV
1526 1937 1621 2018 [5]
1653 1937 1695 2001 d

567 2074 743 2116 nunc
785 2049 1181 2116 Nomentani
1226 2074 1388 2136 quae
1436 2074 1514 2117 ex
1558 2053 1832 2118 testibus
1878 2055 2016 2138 ipse
2060 2053 2349 2139 rogando

569 2168 872 2252 exculpei‚
917 2167 1201 2233 ecdicam
1246 2218 1784 2239 „„„„„„„„„„

1375 2282 1439 2348 V
1486 2284 1624 2366 [15]
1658 2307 1691 2348 e

570 2400 682 2485 qui
724 2403 816 2484 te,
861 2398 1295 2484 Nomentane‚
1341 2400 1583 2465 malum
1627 2402 1758 2466 iam
1804 2423 2054 2467 cercera
2097 2401 2347 2485 perdat!

382 2564 454 2614 in
491 2562 719 2626 scirpo
774 2561 1063 2626 quaeris:
1120 2562 1334 2628 scirpus
1385 2562 1649 2626 palustris
1701 2578 1784 2612 res
1840 2568 1928 2614 est
1982 2562 2257 2617 levissima
2308 2561 2688 2627 (lenissima

383 2629 593 2695 Rom.).
645 2630 954 2681 Lucilius
979 2630 1036 2679 in
1059 2629 1251 2694 primo.
1338 2630 1601 2681 XXXVII
1637 2630 1804 2681 Macr.
1831 2631 1924 2688 VI,
1945 2633 1997 2695 4,
2021 2633 2081 2682 17
2105 2630 2341 2681 inseruit
2366 2628 2687 2695 (Vergilius)

386 2699 545 2766 operi
591 2713 690 2749 suo
735 2703 790 2748 et
835 2697 1042 2748 Graeca
1076 2697 1239 2748 verba
1284 2699 1377 2749 sed
1421 2714 1531 2749 non
1576 2700 1779 2764 primus
1823 2697 1929 2749 hoc
1972 2714 2166 2760 ausus3
2220 2704 2504 2749 auctorum
2546 2699 2689 2748 enim

384 2771 635 2818 veterum
660 2765 942 2815 audaciam
968 2771 1186 2816 secutus
1210 2772 1321 2817 est:
1349 2763 1485 2832 [aen.
1504 2767 1548 2826 Ι,
1570 2764 1688 2831 726]
1714 2767 2083 2832 dependent
2107 2765 2336 2830 lychni
2359 2766 2689 2832 laqueari-

386 2837 516 2886 bus
552 2833 983 2895 aureis3s1cut
1018 2832 1232 2885 Ennius
1267 2860 1333 2870 —-
1371 2836 1661 2886 Lucretius
1698 2862 1763 2870 —-
1801 2834 2107 2886 Lucilius
2142 2835 2200 2884 in
2236 2836 2426 2899 primo.

532 2901 559 2951 1
595 2902 734 2953 Non.
775 2904 889 2963 129,
916 2902 981 2951 28
1016 2902 1266 2967 inpune
1306 2900 1600 2968 (impudo
1637 2902 1706 2953 al.
1744 2920 1829 2969 ap.
1858 2904 2096 2967 Bentin.)
2136 2902 2279 2969 quod
2310 2908 2396 2953 est
2417 2901 2688 2967 inpudens

389 2969 700 3036 (impuno
726 2970 989 3035 impune
1014 2984 1120 3033 mg.
1140 2969 1230 3032 G).
1277 2971 1586 3022 Lucilius
1608 2971 1701 3020 lib.
1721 2970 1794 3021 11.
1817 2999 1871 3006 —
1897 2970 2034 3020 idem
2060 2972 2167 3033 167,
2187 2973 2254 3021 20
2271 2971 2687 3035 rapinatores

388 3053 494 3104 pro
530 3038 854 3102 raptoribus.
926 3038 1099 3087 Varro
1136 3038 1384 3088 Bimarco
1411 3067 1470 3075 --
1499 3039 1805 3090 Lucilius
1843 3038 2126 3101 (Lucius
2159 3055 2227 3088 m.
2258 3042 2278 3088 1
2319 3035 2361 3088 L
2392 3038 2441 3101 1)
2487 3037 2580 3088 lib.
2615 3038 2688 3088 ΙΙ.

478 3107 534 3156 ΙΙ
569 3105 709 3156 Non:
737 3108 817 3168 10,
846 3107 907 3156 12
932 3105 1081 3156 inlex
1105 3111 1160 3156 et
1184 3106 1372 3156 exlex
1395 3113 1483 3158 est
1509 3108 1600 3172 qui
1624 3109 1742 3158 sine
1768 3107 1888 3171 lege
1914 3107 2056 3158 vivit
2081 3108 2296 3166 (vivat
2321 3106 2478 3163 cdd.).
2524 3105 2686 3156 Plau-

387 3180 483 3225 tus
521 3201 587 3209 —-
624 3173 930 3224 Lucilius
976 3171 1256 3239 (Lucius
1303 3191 1381 3240 pr.
1420 3191 1488 3224 m.
1535 3177 1580 3225 L
1622 3177 1673 3237 1)
1718 3181 2024 3240 satyrarum
2056 3174 2148 3225 lib.
2188 3175 2245 3224 11
2291 3174 2450 3235 (XII
2485 3173 2688 3236 Bamb„

387 3258 504 3292 non
529 3242 575 3291 L
601 3242 674 3303 2).
782 3242 865 3292 ΙΠ
903 3241 1180 3292 Charisius
1205 3243 1269 3292 62
1294 3244 1432 3294 iuris
1456 3243 1741 3294 consultus
1769 3243 1876 3293 dici
1900 3242 2072 3303 debet,
2111 3258 2222 3293 non
2253 3244 2394 3291 iure
2426 3238 2687 3290 consul-

385 3315 527 3371 tae,
553 3309 682 3360 licet
709 3309 897 3359 Cicero
921 3325 1019 3375 pro
1045 3311 1269 3361 Murena
1292 3313 1372 3361 ita
1409 3312 1608 3361 dixerit
1630 3317 1686 3361 et
1713 3311 1757 3359 L
1773 3311 2015 3362 ucilius
2041 3311 2113 3374 11,
2148 3315 2210 3359 ut
2235 3311 2350 3359 iure
2372 3309 2599 3374 peritus.

386 3378 466 3428 IV
511 3378 648 3431 Non.
672 3380 787 3443 102,
815 3379 875 3427 18
907 3378 1262 3443 exculpere
1292 3386 1378 3430 est
1394 3370 1738 3445 'extorquet-e.
1789 3380 2017 3430 Plautus
2041 3411 2108 3420 —-
2131 3377 2438 3427 Lucilius
2476 3381 2687 3441 satyra-

385 3461 512 3496 rum
535 3445 625 3499 lib.
648 3444 719 3495 ΙΙ.
825 3445 875 3494 V
927 3445 1068 3497 Don.
1098 3445 1166 3501 ad
1191 3447 1308 3500 Ter.
1335 3447 1621 3510 Phorm.1,
1647 3450 1696 3510 2,
1726 3450 1788 3498 ’73
1828 3448 1937 3513 qui
1967 3444 2151 3498 illum
2188 3445 2251 3495 di
2286 3460 2501 3496 omncs
2538 3461 2686 3510 per-

561 3589 643 3647 43
689 3589 1039 3663 cleinopodas
1070 3590 1153 3660 M,
1197 3590 1533 3665 xecnopodac
1579 3589 1894 3665 clinopodas
1925 3591 2115 3660 Paris,
2163 3587 2481 3663 clinopodas
2516 3606 2564 3646 v.
2605 3617 2682 3627 -—-

391 3675 717 3749 lichnosquc
762 3674 957 3731 Paris.
1130 3673 1213 3730 44
1258 3678 1368 3732 anti
1413 3679 1544 3731 i.-e.
1591 3665 1727 3731 ἀντὶ
1769 3675 1853 3746 M,
1900 3682 2024 3731 ante
2069 3693 2119 3731 v.
2161 3676 2166 3683 '

564 3760 599 3816 1
645 3758 931 3832 inpudicus
973 3761 1109 3817 libri
1139 3760 1256 3817 167
1306 3767 1361 3817 et
1403 3762 1476 3818 ib.
1520 3761 1744 3834 inpune.
1788 3788 1870 3799 —-
1917 3767 2110 3832 estque
2154 3759 2234 3829 M,
2282 3767 2366 3814 est
2408 3758 2555 3814 Non.
2606 3787 2682 3796 —

391 3846 670 3920 rapinator
711 3846 922 3916 scripti
964 3844 1102 3903 167.
1277 3844 1314 3902 2
1364 3846 1500 3901 vivat
1546 3844 1633 3915 M,
1694 3846 1869 3901 vincat
1913 3863 1961 3901 v.
2027 3873 2100 3885 —
2159 3859 2319 3900 vacus
2363 3843 2410 3898 L
2445 3843 2502 3914 1,
2547 3843 2594 3897 L
2625 3841 2683 3914 2,

390 3930 600 3987 Bamb.
642 3957 727 3969 -
770 3928 929 3985 exule
982 3936 1153 3986 terret
1196 3931 1244 3987 L
1289 3931 1341 3992 1.
1519 3930 1555 3987 6
1603 3946 1745 3986 nunc
1800 3929 2118 3986 Nomentani
2176 3944 2310 4003 quae
2358 3927 2485 3998 Sc.,
2543 3943 2688 3983 nunc

390 4031 590 4072 nomen
635 4016 848 4088 iamque
893 4015 1021 4071 cdd.
1176 4015 1210 4072 7
1240 4014 1500 4089 [exculpei
1546 4015 1616 4070 Μ
1658 4010 1892 4088 (exculpi
1924 4013 2065 4086 Sa),
2112 4013 2342 4087 exculpo
2376 4032 2425 4070 v.
2477 4043 2548 4050 —-
2602 4028 2686 4067 ec-

392 4099 562 4157 dicam
609 4098 687 4169 M,
735 4099 867 4156 haec
909 4099 1078 4155 dicam
1109 4101 1260 4156 libri.
1393 4100 1430 4157 8
1477 4099 1809 4156 Nomentane
1843 4118 1915 4172 v.‚
1947 4098 2288 4155 Momentane
2320 4098 2527 4172 quaed.
2559 4098 2685 4153 edd.

392 4186 612 4260 Donati
671 4214 754 4224 —
808 4182 1059 4241 Montano
1103 4184 1300 4241 malum
1345 4185 1407 4241 ad
1454 4195 1629 4241 cetera
1675 4186 1857 4260 pergit
1902 4186 2027 4241 edd.
2070 4188 2263 4255 princ.
2312 4184 2495 4251 Rom„
2549 4181 2684 4238 Ven.

393 4299 479 4310 —
523 4283 737 4325 cer-cera
780 4269 871 4344 M,
920 4285 1221 4343 querquera
1266 4271 1393 4342 Dp3
1456 4277 1634 4326 cetera
1691 4273 1778 4326 vel
1820 4277 2029 4326 caetera
2078 4288 2161 4333 v.,·
2215 4266 2440 4342 pectori'
2493 4266 2683 4323 Lclzm.

386 4369 651 4427 prooem.
696 4354 827 4410 lect.
877 4361 1019 4412 aest.
1069 4359 1218 4412 univ.
1265 4354 1462 4412 Berol.
1513 4374 1566 4410 α.
1621 4353 1802 4425 1849,
1843 4373 1940 4427 pq.
1989 4352 2047 4410 5.
