3267 5075
702 363 834 426 230
1615 357 1835 412 LJBER
1872 356 1937 411 X.
1976 357 2068 412 xl.

874 528 930 585 7.
967 527 1250 597 Crassis,-
1295 544 1355 582 ex
1390 524 1720 581 nobilissima
1762 531 1930 598 gente
1961 523 2173 580 Licinia.
2249 527 2561 581 nominatim
2595 535 2831 583 memorat
2862 527 2950 583 Lu·

703 614 858 670 cilius
904 614 1134 687 primum
1177 612 1237 667 L.
1285 611 1545 666 Licinium
1590 608 1839 665 Crassum
1890 608 2169 664 consulem
2215 627 2262 665 a.
2313 625 2365 664 u.
2414 627 2459 666 c.
2509 611 2660 683 663,
2713 620 2948 668 oratorem

703 715 832 753 suae
876 699 1068 753 aetatis
1113 713 1235 753 cum
1279 695 1345 750 Μ.
1393 692 1632 749 Antonio
1677 692 2088 760 nobilissimum,
2136 693 2229 766 qui
2270 695 2475 767 primas
2518 703 2692 768 partes
2735 698 2787 752 in
2826 696 2948 751 libris

704 782 973 838 Ciceronis
1017 782 1084 836 dc
1129 787 1344 837 oratore
1391 780 1616 852 optinet.
1693 777 1781 833 bic
1822 777 2085 834 Lucilium
2130 776 2228 832 sibi
2276 778 2422 851 quod
2469 778 2532 846 Q.
2580 778 2746 837 Mucio
2786 797 2951 837 socero

704 885 806 922 suo
853 874 997 922 esset
1041 864 1313 921 subiratus
1357 864 1533 918 minus
1578 878 1736 936 quam
1782 862 1944 917 vellet
1987 861 2079 917 ille
2111 861 2421 918 familiarem
2455 863 2625 919 luisse
2654 865 2774 921 dicit
2801 865 2860 920 de
2885 882 2951 920 or.

705 951 742 1021 1,
781 951 881 1023 16,
915 951 1013 1006 72.
1091 948 1284 1005 deinde
1328 946 1392 1002 ab
1436 946 1628 1002 eodem
1674 953 1833 1019 poeta
1878 954 2209 1002 memoratur
2237 946 2307 1002 Μ.
2338 946 2576 1004 Licinius
2604 949 2813 1004 Crassus
2839 941 2950 1024 ἀγέ-

705 1036 947 1107 λαστος,
992 1036 1121 1090 avu's
1167 1033 1448 1089 triumviri.
1511 1061 1587 1071 —
1646 1029 1881 1103 denique
1925 1038 2109 1103 potest
2154 1029 2300 1101 lieri,
2348 1040 2409 1087 ut
2453 1034 2611 1088 etiam
2656 1033 2710 1089 P.
2753 1034 2953 1089 Licinius

706 1120 929 1175 Crassus
977 1119 1250 1174 Mucianus
1295 1117 1470 1186 DiveS‚
1516 1113 1709 1171 consul
1753 1131 1799 1170 a.
1851 1113 1996 1186 623,
2040 1116 2360 1188 respiciatur
2404 1117 2457 1172 h.
2494 1116 2530 1172 1.
2578 1147 2657 1157 -—-
2700 1120 2954 1175 discr-ibsi-

708 1221 834 1260 mus
877 1204 1132 1272 lionoreS‚
1178 1219 1299 1257 cum
1345 1201 1411 1256 de
1441 1201 1581 1255 veris
1625 1216 1688 1256 ac
1716 1199 1866 1255 salsis
1897 1199 2264 1255 discernendis
2297 1209 2507 1273 ageret.
2556 1233 2636 1244 -—-
2678 1203 2743 1257 de
2783 1204 2954 1258 discri-

709 1290 877 1344 bendi
928 1286 1091 1343 verbo
1138 1286 1283 1359 quod
1331 1285 1490 1341 etiam
1543 1282 1876 1339 reddendum
1922 1282 2054 1340 Hor.
2099 1300 2148 1339 c.
2196 1284 2260 1356 11,
2306 1286 2406 1356 13,
2452 1286 2533 1343 23
2584 1286 2802 1342 ¹videnda
2841 1302 2957 1359 quae

710 1373 844 1427 dixit
872 1370 1234 1427 Buechelerus
1265 1386 1334 1426 m.
1366 1368 1464 1424 Rh.
1487 1367 1619 1439 xm,
1645 1367 1766 1424 598
1797 1385 1920 1442 sqq.
1951 1397 2034 1408 ——
2063 1370 2172 1424 hoc
2202 1377 2315 1426 est.-
2346 1372 2488 1443 quid
2512 1387 2728 1427 sumam
2755 1387 2799 1427 e.
2825 1388 2872 1443 q.
2891 1388 2955 1437 s.;

710 1473 908 1531 nempe·
932 1473 1041 1512 non
1073 1455 1413 1528 promiscuos
1445 1454 1685 1509 honores
1730 1451 1979 1510 affectant
2023 1452 2117 1508 sed
2163 1470 2285 1510 cum
2319 1454 2521 1510 iudicio
2554 1455 2754 1512 electos
2780 1465 2832 1511 et
2859 1455 2957 1511 loco

711 1558 821 1615 quo
864 1557 962 1615 par
1005 1548 1089 1595 est
1134 1538 1364 1595 habitos,

884 1625 980 1683 10.
1049 1622 1176 1681 ‘nm
1220 1640 1385 1698 quem
1428 1625 1488 1679 in
1529 1637 1672 1678 arce
1716 1623 1908 1679 bovem
1946 1622 2275 1694 discerpsi'.
2355 1624 2510 1680 locus
2554 1624 2880 1682 difficillimus
2916 1631 2960 1678 et

713 1729 781 1767 ne
832 1709 1092 1775 librorum
1150 1708 1366 1782 quidem
1421 1723 1694 1762 consensu
1751 1705 1953 1762 firmus.
2043 1725 2165 1763 nam
2222 1708 2430 1764 etiamsi
2488 1710 2627 1765 baud
2680 1707 2959 1784 spernendis

714 1793 941 1852 testibus
986 1793 1254 1849 adseritur
1295 1792 1429 1847 illud
1476 1807 1658 1866 quem,
1708 1793 1977 1846 omittitur
2010 1792 2147 1847 idem
2178 1793 2362 1848 codice
2392 1795 2621 1866 optimo.
2690 1803 2744 1850 et
2784 1808 2960 1850 errasse

712 1878 1055 1936 scholiastam
1102 1879 1194 1951 qui
1238 1877 1373 1932 dixit
1417 1893 1490 1932 ne
1533 1891 1654 1931 esse
1700 1878 1865 1933 valde
1909 1876 2055 1935 velo
2086 1895 2258 1949 quam
2301 1877 2668 1950 comprobavit
2697 1878 2961 1935 Fleckeise-

714 1981 817 2020 uus
861 1962 1050 2037 philol.
1096 1962 1159 2035 11,
1193 1962 1291 2019 69.
1367 1977 1582 2034 semper
1626 1961 1826 2033 quippe
1870 1961 2183 2033 particulam
2226 1960 2370 2016 illam
2416 1965 2568 2036 sequi
2614 1964 2752 2021 solet
2793 1976 2961 2036 prono·

714 2064 835 2103 men
882 2055 974 2102 aut
1017 2047 1300 2120 personale
1344 2054 1437 2100 aut
1480 2046 1979 2101 demonstrativum.
2052 2047 2224 2119 igitur
2266 2048 2569 2119 proximum
2615 2048 2961 2105 videtur-vero

717 2130 898 2207 (modo
943 2140 1090 2186 recte
1135 2130 1330 2186 habere
1375 2138 1674 2187 statuamus
1705 2128 1891 2202 quem)
1937 2146 2010 2185 ne
2053 2130 2187 2201 (sive
2231 2147 2344 2187 nae
2388 2133 2562 2205 magis
2592 2128 2857 2206 placuerit)
2894 2146 2961 2183 ac·

715 2216 818 2290 cipi
885 2232 985 2290 pro
1044 2214 1365 2270 Graecorum
1422 2210 1529 2269 ναί
1581 2214 1759 2270 addita
1813 2214 2254 2288 interpunctione
2311 2217 2492 2287 gravi,
2562 2225 2624 2272 ut
2678 2215 2825 2271 verba
2875 2214 2964 2267 sint

715 2299 1095 2374 respondentis
1149 2300 1509 2373 interroganti
1564 2298 1631 2353 de
1675 2298 1950 2372 praeclaro
1996 2298 2227 2372 quodam
2283 2299 2427 2354 illius
2481 2300 2737 2358 facinore.
2817 2300 2962 2354 minus

715 2385 854 2441 bene
882 2384 1252 2441 Lachmannus
1289 2383 1585 2439 diverbium
1631 2398 1750 2438 esse
1795 2383 1987 2438 statuit
2028 2385 2084 2439 in
2132 2399 2286 2439 versu
2330 2384 2460 2456 istc,
2507 2394 2569 2441 ut
2610 2386 2743 2442 illud
2782 2384 2961 2456 maqni-

716 2473 830 2542 ftce
883 2470 954 2525 sit
1011 2469 1358 2524 assentatoris
1416 2467 1710 2523 cuiusdam.
1810 2468 1971 2523 immo
2027 2483 2182 2539 eum,
2250 2469 2406 2523 cuins
2472 2478 2602 2526 sunt
2656 2471 2782 2526 haec
2829 2481 2963 2542 quem

717 2559 776 2612 in
821 2571 960 2611 arce
1005 2556 1196 2611 bovem
1224 2556 1525 2625 discerpsi,
1572 2553 1795 2608 nimium
1826 2554 1910 2607 sui
1943 2552 2339 2609 adsentatorem
2374 2556 2543 2611 fuisse
2573 2563 2804 2630 apparet.
2866 2566 2963 2607 nam

719 2656 780 2695 ea
824 2656 933 2712 quo
978 2639 1316 2711 pertinerent
1361 2639 1570 2692 monuit
1617 2636 1827 2692 lahnius
1873 2637 2101 2694 Hermae
2146 2637 2230 2710 111,
2266 2638 2418 2710 181,
2466 2642 2561 2712 qui
2607 2641 2747 2695 bunc
2785 2650 2965 2693 versum

719 2725 1042 2780 testimoniis
1087 2723 1155 2778 de
1198 2722 1406 2796 ingenti
1451 2722 1545 2777 illo
1589 2721 1727 2777 bove
1758 2723 1930 2777 aheno
1973 2723 2029 2776 in
2074 2739 2197 2777 arce
2239 2722 2646 2780 Atheniensium
2676 2725 2844 2798 posito
2884 2714 2963 2795 [cl.

718 2809 872 2886 Paos.
919 2809 959 2879 Ι,
993 2807 1096 2880 24,
1127 2805 1164 2861 2
1195 2823 1316 2862 cum
1345 2801 1600 2883 interpr.]
1649 2805 1953 2862 addendum
1997 2815 2198 2877 censet,
2248 2807 2409 2864 videri
2451 2810 2631 2865 autem
2674 2810 2798 2865 haec
2835 2801 2966 2861 verba

718 2892 1015 2950 secundum
1061 2891 1330 2965 exemplar
1374 2892 1563 2947 comici
1595 2890 1779 2946 Graeci
1824 2891 2019 2963 posita.
2064 2920 2148 2930 —
2192 2905 2356 2964 quem
2386 2910 2507 2948 cum
2547 2894 2720 2958 biatu;
2762 2892 2827 2948 cf.
2855 2888 2902 2947 d.
2926 2902 2962 2945 r.

721 2995 791 3033 m.
842 2976 980 3034 307.
1028 3007 1110 3016 -—
1155 2978 1457 3049 maqnifice
1499 2977 1698 3049 inquit.
1762 2974 2076 3038 adverbium
2123 2976 2315 3032 melius
2356 2977 2420 3031 acl
2465 2977 2798 3051 subsequens
2836 2986 2967 3047 quam

721 3060 785 3115 ad
831 3060 1159 3134 praecedens
1202 3059 1422 3116 verbum
1466 3060 1661 3115 referri
1708 3061 1807 3115 iam
1854 3059 2126 3116 intellexit
2179 3061 2226 3117 is
2273 3063 2365 3134 qui
2421 3063 2507 3118 ed.
2554 3063 2707 3120 Rom.
2753 3056 2967 3133 coniecit·

719 3147 793 3201 ita
839 3145 875 3200 l.
923 3143 944 3198 Ι
989 3153 1052 3200 ut
1095 3144 1328 3201 diximu’
1369 3148 1637 3217 βεμνῶς;
1680 3143 1793 3201 Liv.
1834 3144 1984 3208 XXV,
2018 3145 2097 3200 22
2145 3147 2348 3218 quibus
2377 3146 2681 3204 Hannibal
2709 3143 2967 3220 maqnifice

721 3232 1019 3303 respondit
1074 3236 1127 3284 et
1173 3236 1347 3285 antea
1377 3221 1463 3285 ‘se
1518 3233 1756 3286 solvisse
1800 3230 2141 3286 obsidionem
2199 3237 2253 3287 et
2296 3247 2452 3287 manc
2499 3233 2796 3290 adventum
2833 3241 2968 3294 suum

723 3318 990 3373 consules
1034 3332 1150 3371 non
1192 3317 1436 3370 laturos.
2550 3327 2559 3333 ·

892 3416 976 3487 xl,
1004 3417 1059 3472 1.
1107 3417 1144 3472 l.
1170 3416 1235 3471 xl
1259 3433 1344 3472 res
1371 3415 1593 3472 Gallicas
1625 3417 1710 3471 sui
1745 3418 2002 3490 temporis
2033 3416 2247 3472 videtur
2277 3418 2524 3491 tetigisse
2546 3418 2794 3475 Lucilius,
2850 3426 2969 3469 nam·

724 3519 828 3576 que
873 3501 961 3557 illa
1005 3503 1456 3575 primumaetate
1503 3499 1718 3557 Fulvius
1765 3491 1985 3557 Flaccus
2030 3517 2154 3556 mox
2199 3501 2414 3557 Sextius
2457 3501 2705 3560 Calvinus
2742 3513 2849 3559 tum
2889 3496 2967 3550 Do·

725 3588 906 3641 mitius
936 3584 1324 3641 Ahenobarbus
1356 3602 1476 3641 cum
1508 3584 1671 3641 Fabio
1703 3584 1928 3641 Maximo
1959 3584 2159 3641 bellum
2189 3587 2423 3642 intulere
2453 3589 2788 3662 transalpinis
2817 3579 2968 3638 Gallis·

726 3670 792 3724 de
838 3685 941 3742 qua
984 3686 1045 3724 re
1075 3670 1299 3725 videnda
1332 3686 1465 3743 quae
1497 3670 1759 3743 leguntur
1789 3670 1930 3743 apud
1976 3670 2308 3726 Momsenum
2355 3671 2483 3726 bist.
2514 3672 2667 3732 Rom.
2701 3672 2758 3742 11,
2793 3664 2909 3734 1¹64,
2936 3658 2965 3716 5

728 3753 812 3808 ed.
863 3752 964 3807 llll.
1014 3783 1089 3792 —
1138 3755 1356 3810 bracae
1400 3773 1447 3810 e..
1485 3772 1536 3828 q.
1571 3771 1653 3822 S.;
1711 3753 1778 3809 de
1824 3753 2024 3810 Gallico
2085 3755 2318 3828 quodam
2372 3765 2644 3813 conventu
2701 3758 2782 3831 agi
2832 3746 2968 3806 mani-

726 3838 944 3893 festum.
993 3868 1075 3877 -—
1120 3844 1353 3910 torques
1396 3841 1581 3895 induti
1588 3863 1607 3902 ;
1652 3838 1759 3894 Cic.
1808 3838 1873 3894 de
1905 3837 1996 3893 fin.
2027 3839 2090 3912 11,
2124 3839 2226 3911 22,
2261 3840 2338 3895 72
2384 3844 2436 3896 si
2478 3844 2784 3914 voluptatis
2819 3845 2966 3893 cau-³61

728 3940 857 3979 cum
904 3922 1068 3978 Gallo
1113 3924 1274 3992 apud
1313 3924 1585 3979 Anienem
1628 3926 1976 3997 depuqnavic
2011 3931 2369 3995 provocatus
2425 3933 2479 3981 et
2526 3942 2605 3984 ex
2651 3931 2770 3983 eius
2808 3915 2967 3994 spoliis

728 4009 840 4065 sibi
883 4013 938 4062 et
982 4013 1240 4080 torquem
1283 4013 1338 4062 et
1383 4024 1582 4064 nomen
1627 4012 1828 4065 induit.

899 4092 957 4149 3.
1033 4093 1150 4149 viai
1191 4092 1554 4155 sternendai5
1598 4093 1851 4149 videntur
1875 4091 2167 4166 significari
2214 4096 2328 4150 viae
2370 4102 2499 4168 post
2530 4094 2770 4152 devictos
2797 4105 2838 4147 a.
2868 4080 2962 4143 623

730 4176 1051 4252 Allobroges
1111 4184 1165 4232 et
1221 4178 1490 4231 Arvernos
1547 4177 1602 4230 in
1648 4176 1812 4233 Gallia
1856 4177 2189 4234 Narbonensi
2248 4186 2504 4235 structae.
2559 4210 2646 4222 —-
2700 4181 2808 4237 viai
2849 4178 2964 4230 ster·

731 4265 945 4318 nendai
985 4264 1307 4319 iaciendum
1350 4262 1464 4317 Izuc
1505 4276 1738 4334 ayerem
1769 4271 1823 4318 et
1863 4265 1924 4319 id
1960 4262 2125 4336 qenu’
2173 4266 2386 4328 rudus,·
2426 4272 2594 4338 negat
2644 4265 2964 4321 Lachmannus

731 4363 922 4401 comm.
971 4345 1125 4402 Lucr.
1171 4365 1263 4420 pg.
1308 4344 1391 4403 40
1437 4347 1487 4401 in
1524 4345 1712 4400 dativis
1756 4349 1979 4420 reperiri
2025 4346 2341 4420 disyllabum
2388 4353 2476 4413 cci,·
2531 4368 2562 4405 a
2608 4367 2715 4423 quo
2757 4335 2965 4403 dissent?l

447 4889 1046 5035 Α
1125 4879 1134 4882 ⁴
