3267 5075
1130 421 1227 476 EX
1263 421 1500 477 LIBRIS
1536 422 1893 479 INCERTIS.
2530 426 2656 490 133

451 584 495 650 5
545 606 708 679 quae
736 586 926 667 bona,
955 605 1116 669 quae
1143 585 1315 648 mala
1341 585 1513 668 item,
1539 585 1692 670 quid
1718 586 1963 681 inutile,
1986 589 2189 672 turpe,
2215 588 2654 655 inhonestum:

542 701 775 784 virtus,
822 699 1219 785 quaerendae
1265 700 1459 764 finem
1504 722 1573 764 re
1620 701 1780 765 seire
1825 702 2240 788 modumque:

543 815 776 893 virtue,
822 815 1060 879 divitiis
1105 815 1380 898 pretium
1425 816 1786 898 persolvere
1829 838 2050 901 posse:

538 931 769 1014 virtue,
813 929 880 994 id
926 930 1105 1014 dare,
1151 931 1321 1016 quod
1366 953 1435 995 re
1480 932 1623 1014 ipsa
1668 930 1959 1016 debetur,
2004 932 2263 1018 honori3

537 1045 790 1111 hostem
819 1067 956 1110 esse
985 1049 1176 1130 atque
1202 1046 1534 1111 inimicum
1557 1048 1893 1113 hominum
1916 1070 2293 1133 morumque
2316 1051 2650 1136 malorum,

405 1163 491 1226 10
538 1164 763 1226 eontra
808 1161 1207 1225 defensorem
1251 1162 1587 1226 hominum
1632 1185 2010 1247 morumque
2060 1162 2399 1248 bonorum,

534 1277 656 1341 hos
702 1277 924 1362 magni
967 1276 1201 1361 faeere,
1246 1277 1349 1341 his
1395 1278 1557 1341 bene
1602 1278 1791 1361 velle,
1837 1277 1941 1341 his
1988 1278 2198 1342 vivere
2244 1274 2547 1345 arnieum:

536 1393 873 1458 commoda
917 1395 1246 1476 praeterea
1289 1393 1522 1476 patriai
1567 1394 1779 1476 prima
1822 1395 2075 1477 putare,

534 1508 762 1572 deinde
804 1510 1170 1593 parentum,
1216 1509 1408 1572 tertia
1451 1507 1581 1573 iam
1626 1511 2077 1594 postremaque
2123 1512 2362 1573 nostra.

1338 1621 1404 1687 H
1453 1620 1585 1710 [32]
1618 1624 1661 1687 b

531 1740 630 1803 vis
676 1740 775 1803 est
819 1738 977 1822 vita,
1023 1738 1225 1822 vides;
1272 1739 1370 1802 vis
1416 1761 1536 1803 nos
1582 1739 1790 1804 faeere
1837 1740 2056 1804 omnia
2100 1740 2290 1841 cogit.

1306 1852 1404 1917 III
1452 1850 1629 1941 [165]
1663 1878 1697 1918 c

533 1970 774 2034 Arnob.
822 1969 961 2033 adv.
1006 1969 1301 2064 nationes
1342 1968 1420 2053 V,
1463 1971 1543 2035 18
1588 1973 1746 2034 tune
1795 1973 2017 2034 saneta
2062 1973 2128 2033 et
2171 1970 2484 2035 ferventia
2528 1995 2644 2035 nu-

352 2087 530 2150 mina
591 2085 723 2149 vim
785 2084 1105 2149 vomuisse
1163 2082 1390 2149 Lucilii
1457 2063 1529 2150 ae
1587 2107 1806 2171 regem
1862 2083 2152 2148 Servium
2216 2089 2444 2150 natum
2503 2110 2644 2151 esse

352 2201 734 2266 Romanum.

1341 2288 1437 2354 IV
1484 2285 1575 2376 [2]
1606 2290 1647 2353 d

400 2406 481 2472 15
526 2427 700 2470 nune
743 2427 893 2469 vero
942 2427 981 2469 a
1025 2427 1215 2469 mane
1261 2405 1341 2469 ad
1386 2407 1669 2489 noctem,
1714 2404 1881 2470 festo
1930 2408 2120 2490 atque
2166 2406 2478 2489 profestO,

526 2523 666 2587 toto
710 2520 933 2587 itidem
978 2521 1340 2612 pariterque
1387 2520 1487 2585 die
1533 2521 1934 2606 populusque
1979 2522 2319 2606 patresque

352 2699 648 2767 finitionein
681 2717 898 2767 virtutis
934 2717 1112 2767 adfert
1156 2731 1344 2767 versus
1390 2716 1552 2767 huius
1597 2716 1886 2782 fragmenti
1930 2719 1977 2766 6.
2015 2716 2062 2764 7.
2101 2717 2179 2764 1⁶2.
2354 2717 2407 2765 lI
2466 2717 2637 2768 Varro

352 2786 399 2835 d.
446 2785 555 2838 1.l.
601 2786 674 2849 V,
712 2787 777 2836 63
830 2802 864 2835 a
912 2801 1018 2850 qua
1069 2785 1124 2835 vi
1176 2786 1317 2835 natis
1370 2784 1517 2834 dieta
1561 2784 1706 2846 vita,
1757 2789 1811 2833 et
1867 2783 2001 2832 illud
2047 2800 2080 2831 a
2124 2783 2408 2833 Lucilio.

353 2854 428 2903 lV
483 2855 643 2902 Lact.
678 2853 806 2903 inst.
843 2854 908 2914 V,
944 2856 992 2914 9,
1029 2855 1096 2903 20
1143 2852 1234 2903 sed
1276 2858 1331 2903 et
1373 2851 1686 2903 Lucilius
1733 2851 2071 2901 tenebrosam
2106 2851 2271 2901 istam
2310 2852 2480 2901 vitam
2517 2851 2635 2917 (ho-

353 2921 550 2972 minum
582 2920 930 2984 iniustorum)
972 2921 1381 2985 circumscripte
1415 2920 1756 2984 breviterque
1792 2919 2039 2984 depinxit
2081 2917 2167 2969 his
2202 2919 2464 2969 versibus.

516 3152 555 3211 5
597 3153 793 3210 inutile
824 3152 894 3207 Β.
929 3170 1000 3207 m.
1034 3168 1177 3221 rec„
1220 3154 1397 3223 prius
1429 3151 1638 3222 fuerat
1670 3150 1817 3206 utile.
1868 3179 1943 3190 --
1990 3150 2367 3207 inhominitum
2406 3159 2540 3207 mut.
2573 3156 2632 3208 in

355 3239 668 3295 inhonetum
717 3240 788 3293 B.
923 3236 958 3292 6
1006 3234 1163 3291 finem
1209 3254 1279 3291 m.
1326 3253 1446 3293 rec.
1494 3238 1623 3295 add.
1671 3240 1730 3292 in
1766 3236 1819 3289 Β
1881 3236 1976 3305 VI,
2009 3234 2066 3291 6.
2116 3265 2191 3274 —-
2239 3251 2298 3291 re
2329 3235 2408 3304 M,
2453 3236 2531 3291 rei
2579 3254 2630 3292 v.

360 3353 425 3362 -
475 3324 855 3394 modumquem
891 3321 939 3375 R
991 3320 1087 3391 VI,
1119 3320 1175 3387 5,
1222 3323 1366 3376 idem
1399 3320 1434 3376 6
1482 3321 1859 3393 modumquae‚
1906 3322 2006 3375 ubi
2032 3319 2087 3372 Β
2115 3319 2351 3374 modum.
2488 3320 2522 3375 7
2570 3338 2632 3375 ac

357 3408 487 3463 vitiis
547 3407 647 3478 VI,
681 3408 716 3464 6
751 3408 821 3462 Β.
869 3437 953 3446 -
1014 3406 1112 3476 VI,
1145 3404 1180 3461 6
1231 3406 1284 3459 Β
1326 3407 1619 3478 praemium
1667 3407 1771 3461 sed
1813 3405 1975 3458 mium
2019 3422 2091 3459 m.
2123 3418 2243 3458 rec.
2273 3407 2349 3472 ,in
2382 3421 2501 3460 ras.
2551 3435 2626 3443 —

355 3500 532 3565 posset
580 3494 635 3546 Β
677 3493 781 3548 sed
822 3509 892 3546 m.
944 3489 979 3544 2
1028 3507 1183 3547 corr.
1328 3489 1365 3546 8
1414 3490 1556 3562 quod
1605 3508 1710 3545 om.
1745 3490 1816 3545 R.
1862 3518 1945 3528 —--
1990 3486 2218 3542 debetur
2263 3488 2319 3541 ,Β
2363 3507 2435 3544 m.
2481 3505 2628 3560 ree„

351 3580 509 3647 prius
546 3576 756 3649 fuerat
798 3576 1028 3630 videtur.
1205 3574 1283 3631 10
1327 3574 1694 3630 defensionem
1744 3574 1814 3628 B.
1861 3603 1942 3612 —-
1989 3590 2096 3629 om.
2142 3588 2354 3627 morum
2398 3574 2471 3629 R.

313 3685 322 3692 ·
358 3661 426 3715 11
472 3660 857 3735 magnifacere
889 3679 965 3729 v.‚
1011 3660 1180 3733 magis
1230 3659 1402 3715 facere
1438 3659 1509 3730 R,
1555 3656 1899 3732 magnificare
1931 3656 2003 3712 Β.
2052 3687 2128 3696 ——
2176 3655 2260 3711 his
2306 3656 2465 3729 bene,
2509 3659 2526 3712 i
2566 3662 2627 3714 in

357 3763 466 3802 ras.
511 3744 760 3818 (videtur
796 3745 988 3816 fuisse
1032 3742 1151 3819 hos)
1203 3745 1273 3799 Β.
1319 3773 1400 3785 —-
1446 3760 1592 3814 vere,
1639 3744 1687 3798 vi
1732 3761 1802 3798 m.
1838 3757 1959 3797 rec.
2007 3757 2306 3813 superscr.
2351 3746 2410 3798 in
2445 3743 2519 3800 B.

360 3829 430 3884 12
470 3831 658 3905 patriai
702 3832 882 3897 docti,
927 3829 1129 3903 patriae
1179 3828 1297 3882 BR
1339 3831 1466 3885 loco
1512 3835 1756 3900 utroque
1770 3852 1788 3890 ;
1852 3826 1950 3897 VI,
1997 3825 2034 3881 5
2079 3830 2139 3882 in
2187 3827 2241 3882 B
2278 3828 2486 3899 fuerat
2532 3845 2625 3901 pa-

355 3915 491 3983 trici,
536 3921 672 3971 mut.
720 3932 794 3971 m.
842 3913 900 3970 2.
1119 3913 1194 3970 13
1241 3912 1454 3984 deinde,
1491 3916 1666 3984 prius
1709 3912 1776 3966 de
1820 3929 1891 3966 m.
1940 3927 2063 3967 rec.
2107 3915 2167 3967 in
2213 3928 2333 3968 ras.
2382 3912 2454 3966 B.

359 3998 433 4053 14
473 4001 622 4073 cogit
664 4000 850 4061 docti‚·
907 4002 965 4054 in
1010 3997 1099 4053 Fl.
1155 3998 1309 4070 quod
1353 4016 1465 4069 pro
1522 4013 1588 4053 eo
1647 3998 1926 4067 scriptum
1973 3996 2094 4068 fuit
2155 3996 2386 4052 verbum
2441 4012 2627 4069 neque

356 4101 501 4140 nunc
545 4099 653 4140 nec
703 4099 860 4139 saec.
918 4083 1046 4139 XV
1088 4085 1274 4153 potuit
1327 4084 1457 4155 ἱερεῖ
1678 4079 1755 4137 15
1800 4080 1941 4136 festo
1995 4083 2077 4136 ita
2135 4081 2190 4136 R
2249 4087 2304 4135 et
2347 4081 2418 4146 Β,
2446 4098 2518 4136 m.
2564 4080 2623 4151 2,

356 4168 491 4223 idem
538 4170 570 4223 1
618 4169 743 4224 fert.
805 4196 874 4208 -
937 4167 1183 4240 profesto
1219 4198 1293 4207 -—
1328 4166 1672 4240 populusque
1729 4184 1834 4222 om.
1893 4166 1948 4219 Β
1965 4190 1981 4228 ,·
2034 4164 2197 4236 infra
2252 4167 2311 4220 in
2366 4167 2625 4237 maryine

355 4270 425 4308 m.
466 4255 686 4309 recenti
727 4253 856 4309 add.
903 4251 1077 4325 adque
1119 4252 1366 4325 profesto
1413 4259 1563 4307 lotos
1605 4252 1732 4305 item
1778 4249 2088 4324 pariterque
2132 4248 2217 4304 die
2260 4244 2620 4322 populosque.
2662 4301 2675 4308 ,

481 4337 553 4393 16
600 4345 718 4393 toto
763 4337 945 4393 itidem
991 4338 1101 4408 Dp,
1149 4343 1300 4392 totus
1344 4337 1473 4392 item
1506 4336 1559 4392 R
1575 4360 1592 4399 ,-
1636 4337 1706 4391 de
1738 4337 1793 4390 Β
1834 4335 2221 4390 iam'dictum.
2269 4364 2351 4374 —
2394 4333 2623 4407 pariter·

361 4436 461 4493 que
500 4420 605 4493 die,
646 4423 849 4505 pariter
888 4421 1106 4496 quidem
1149 4420 1221 4478 R.
