3267 5075
572 328 698 393 182
1241 323 1697 380 TESTIMONIA
1734 323 1829 379 DE
1868 319 2174 379 LUCILIO.

747 513 874 576 quo
919 511 1002 554 ne
1047 511 1163 574 per
1205 511 1475 555 vacuum
1520 486 1817 553 Romano
1861 486 2215 552 incurreret
2256 485 2491 568 hostiS‚

747 606 880 671 sive
926 605 1096 690 quod
1141 604 1354 688 Apula
1399 624 1557 688 gens
1604 626 1717 668 seu
1763 604 1933 689 quod
1978 602 2262 666 Lucania
2305 601 2547 665 bellum

747 722 1062 786 incuteret
1103 721 1402 785 violenta.
1449 757 1533 765 —
1582 719 1693 783 sed
1738 720 1843 783 hic
1890 719 2075 783 stilus
2120 718 2292 781 haud
2336 719 2515 800 petet
2559 716 2741 780 ultro

615 838 704 901 40
749 858 1134 922 quemquam
1178 835 1599 919 animantem,
1647 839 1711 899 et
1755 857 1857 899 me
1902 834 2099 899 veluti
2146 833 2462 898 custodiet
2507 832 2689 894 ensis

749 951 987 1037 vagina
1029 954 1262 1015 tectus:
1309 972 1500 1035 quem
1545 973 1659 1015 cur
1703 950 2097 1035 destringere
2144 971 2335 1013 coner

750 1070 929 1132 tutus
977 1066 1057 1129 ab
1103 1066 1356 1129 infestis
1401 1064 1806 1130 latronibus?
1899 1087 1937 1129 o
1983 1068 2167 1148 pater
2211 1068 2277 1128 et
2320 1086 2431 1128 rex

750 1182 1064 1265 Iuppiter,
1108 1184 1181 1244 ut
1226 1184 1446 1263 pereat
1488 1182 1773 1264 positum
1819 1180 2113 1265 robigine
2156 1180 2387 1262 telum,

753 1319 870 1361 nec
917 1296 1255 1382 quisquam
1297 1297 1532 1361 noceat
1574 1296 1804 1380 cupido
1850 1296 2010 1359 mihi
2054 1295 2256 1379 pacis!
2350 1295 2419 1358 at
2460 1294 2600 1377 ille,
2636 1270 2645 1277 ο

620 1412 709 1478 45
756 1413 866 1497 qui
910 1433 1013 1476 me
1059 1411 1377 1476 conmorit
1422 1410 1677 1497 (melius
1722 1434 1855 1475 non
1899 1415 2192 1496 tangere,
2237 1408 2499 1494 clamo),

754 1527 936 1592 flebit
979 1531 1046 1592 et
1087 1526 1362 1611 insignis
1406 1530 1547 1591 tota
1591 1527 1956 1591 cantabitur
1998 1526 2172 1590 u'rbe.

757 1642 1020 1709 Cervius
1065 1642 1267 1706 iratus
1313 1642 1486 1727 leges
1529 1641 1869 1706 minitatur
1913 1645 1979 1706 et
2021 1664 2278 1726 urnam,

758 1757 1029 1824 Canidia
1073 1757 1332 1841 Albuci,
1379 1758 1609 1841 quibus
1658 1761 1757 1821 est
1800 1756 2087 1840 inimica,
2131 1778 2474 1840 venenum,

759 1874 1000 1958 grande
1046 1873 1288 1936 malum
1332 1871 1594 1956 ΤΗΙ-1118,
1641 1872 1851 1957 siquid
1899 1894 1965 1936 se
2010 1872 2218 1937 iudice
2264 1875 2484 1935 certes,

626 1989 714 2054 50
757 1992 832 2052 ut
877 2011 1004 2073 quo
1051 1988 1319 2073 quisque
1363 1988 1534 2051 valet
1579 1966 1908 2071 suspectos
1953 1990 2217 2070 terreat,
2262 1989 2459 2071 utque

625 2185 630 2189 q
759 2105 1033 2187 imperet
1076 2103 1199 2168 hoc
1242 2106 1475 2167 natura
1515 2106 1777 2186 potens,
1824 2103 1915 2167 sic
1961 2103 2189 2187 collige
2236 2123 2502 2166 mecum.

763 2219 951 2283 dente
998 2218 1187 2301 lupus
1195 2269 1213 2301 ,
1260 2240 1458 2283 cornu
1502 2222 1727 2282 taurus
1772 2218 1960 2301 petit:
2007 2218 2201 2302 unde,
2245 2217 2374 2282 nisi
2416 2218 2598 2282 intus

760 2333 1234 2399 monstratum?
1325 2332 1602 2398 Scaevae
1646 2334 1929 2397 vivacem
1976 2334 2159 2398 crede
2204 2333 2425 2416 nepoti

762 2427 1063 2514 matrem:
1106 2450 1201 2512 nil
1246 2448 1439 2513 faciet
1484 2449 1740 2513 sceleris
1786 2449 1894 2532 pia
1940 2449 2200 2514 dextera
2244 2446 2533 2532 (mirum,

631 2567 718 2633 55
764 2570 839 2631 ut
879 2586 1088 2650 neque
1135 2565 1305 2629 calce
1347 2566 1540 2648 lupus
1578 2586 1966 2649 quemquam
2009 2585 2219 2649 neque
2261 2564 2449 2628 dente
2486 2566 2661 2649 petit
2710 2566 2908 2655 bos);

766 2682 876 2747 sed
922 2681 1095 2745 mala
1137 2679 1324 2745 tollet
1368 2701 1563 2743 anum
1608 2680 1835 2745 vitiato
1881 2681 2068 2744 melle
2114 2680 2340 2744 cicuta.

741 2817 847 2863 me
893 2798 1160 2880 longum
1202 2795 1466 2860 faciam:
1513 2817 1626 2860 seu
1670 2818 1773 2860 me
1817 2796 2170 2880 tranquilla
2210 2789 2508 2860 ‘senectus

767 2914 1096 2995 exspectat
1139 2931 1251 2975 seu
1296 2933 1470 2975 mors
1516 2911 1675 2975 atris
1712 2885 2135 2975 'circumvolat
2179 2910 2323 2994 alis,
2448 2963 2455 2968 .
2568 2943 2583 2956 ·

691 3035 698 3042 '
768 3028 944 3092 dives
954 3078 972 3111 ‚
1017 3025 1250 3111 inops„
1277 3024 1549 3110 Romae,
1595 3047 1709 3090 seu
1752 3025 1887 3090 fors
1931 3027 2024 3090 ita
2068 3025 2329 3090 iusserit
2371 3026 2579 3109 exsul,

525 3197 534 3202 .
636 3146 723 3210 60
769 3142 1058 3229 quisquis
1104 3141 1228 3205 erit
1269 3141 1441 3206 vitae
1487 3142 1765 3206 scribam
1809 3143 2024 3206 color?
2117 3145 2179 3206 ‘o
2224 3163 2408 3226 puer,
2450 3144 2528 3205 ut
2573 3142 2670 3206 sis

768 3258 985 3323 vitalis
1030 3259 1246 3321 metuo
1254 3307 1274 3340 ‚
1319 3259 1386 3320 et
1429 3257 1744 3321 maiorum
1789 3257 2017 3341 nequis
2064 3258 2307 3321 amicus

769 3374 1008 3459 frigore
1054 3375 1119 3435 te
1164 3371 1394 3435 feriat?
1488 3372 1666 3458 ‘quid
1673 3424 1692 3457 ‚
1737 3376 1949 3438 cumst
1989 3372 2272 3437 Lucilius
2319 3394 2513 3436 ausus

770 3489 1017 3572 primus
1060 3488 1131 3551 in
1174 3487 1347 3551 hunc
1391 3487 1602 3570 operis
1648 3509 2008 3571 conponere
2053 3488 2341 3552 carmina
2384 3509 2662 3572 morem,

772 3603 1103 3667 detrahere
1148 3605 1214 3666 et
1255 3603 1489 3686 pellem
1502 3654 1520 3686 ,
1564 3603 1808 3667 nitidus
1854 3626 1981 3687 qua
2026 3604 2294 3687 quisque
2339 3625 2454 3685 per
2498 3626 2615 3667 ora

640 3717 727 3782 65
772 3717 1047 3800 cederet,
1091 3717 1442 3781 introrsum
1486 3718 1720 3800 turpis:
1765 3741 1923 3783 num
1968 3716 2222 3781 Laelius
2268 3720 2333 3780 et
2378 3718 2488 3802 qui

773 3831 956 3907 duxit
1000 3833 1082 3895 ab
1128 3853 1436 3915 oppressa
1479 3833 1779 3897 meritum
1826 3831 2216 3917 Carthagine
2260 3854 2498 3897 nomen

771 3946 1034 4034 ingenio
1081 3946 1309 4011 offensi
1354 3952 1466 4012 aut
1508 3950 1686 4013 laeso
1731 3948 1991 4042 doluere
2033 3947 2294 4012 Metello

771 4055 1164 4147 famosisque
1208 4060 1391 4145 Lupo
1436 4067 1698 4146 coperto
1742 4063 2081 4127 versibus?
2170 4063 2350 4147 atqui

773 4178 1086 4263 primores
1130 4177 1352 4262 populi
1398 4179 1669 4261 arripuit
1710 4179 2148 4264 populumque
2190 4178 2483 4242 tributim
2499 4229 2517 4261 ,

647 4295 731 4362 70
777 4285 1026 4362 scilicet
1062 4293 1176 4361 uni
1221 4314 1461 4380 aequus
1505 4294 1729 4360 virtuti
1775 4299 1967 4382 atque
2012 4294 2149 4362 eius
2194 4295 2433 4361 amicis.
