3267 5075
1034 389 1489 453 Tns'rmom
1526 389 1621 451 DE
1661 383 1967 453 molbio.
2513 391 2644 464 289

352 562 463 618 hnc
508 563 669 618 etiam
715 561 956 637 apprime
1003 560 1127 619 facit
1172 563 1317 637 quod
1361 562 1530 621 refert
1583 567 1724 621 Acro
1769 564 1834 620 ad
1879 565 1932 621 h.
1979 566 2016 621 l.
2072 564 2214 620 haud
2268 564 2427 621 dubie
2471 558 2655 640 probo'

353 655 409 702 et
453 647 681 720 antiquo
727 647 881 704 sonte
936 663 1098 718 usuS‚
1161 656 1296 721 puto
1349 647 1498 705 libris
1554 665 1745 705 eorum
1799 651 1892 723 qui
1947 648 2014 705 dc
2067 651 2316 724 personis
2360 649 2646 708 Lucilianis

349 732 656 805 scripsere,
702 731 989 815 aliquando
1034 730 1268 789 Laelium
1314 734 1693 806 supervenisse
1737 732 1968 809 fugienti
2010 733 2280 808 Scipioni,
2324 751 2447 791 cum
2492 734 2648 792 Luci-

347 815 458 871 lius
505 832 636 872 eum
677 814 893 872 obtorta
937 832 1126 891 mappa
1169 817 1321 892 quasi
1366 817 1626 874 feriturus
1671 825 2014 893 sequeretur.
2089 817 2223 875 tales
2269 827 2447 876 autem
2490 820 2644 877 lusus

351 907 542 956 utrum
586 899 737 975 digni
782 902 1038 957 memoria
1080 902 1135 957 in
1180 902 1396 959 homine
1438 901 1574 958 xvii
1614 902 1698 959 vel
1738 902 1896 958 xvm
1938 919 2201 960 annorum
2244 921 2310 959 an
2353 905 2408 960 in
2438 921 2505 962 eo
2551 907 2645 979 qui

346 986 689 1059 compositae
743 986 820 1041 sit·
868 986 1091 1041 aetatis?
1163 987 1240 1042 eis
1284 994 1491 1059 autem,
1548 989 1642 1061 qui
1695 985 1964 1044 Lucilium
2006 1004 2036 1043 a
2082 987 2201 1047 606
2258 996 2445 1045 natum
2499 1007 2644 1047 asse-

345 1077 484 1126 runt
529 1068 598 1142 ad
642 1085 787 1126 mera
831 1078 1071 1127 monstra
1102 1070 1523 1145 confugiendum
1555 1080 1659 1129 est.
1722 1072 1902 1130 ,veluti
1947 1073 2029 1129 his
2059 1074 2316 1129 statuitur
2344 1089 2466 1129 eum
2498 1073 2642 1132 bello

345 1153 678 1211 Numantino
721 1170 952 1229 puerum
996 1155 1429 1229 quattuordecim
1471 1157 1585 1212 sive
1629 1155 1932 1230 quindecim
1963 1174 2226 1215 annorum
2258 1157 2359 1214 sub
2389 1157 2642 1216 Africano

345 1239 635 1299 militasse.
680 1269 763 1280 —
810 1239 1015 1296 scilicet
1060 1241 1184 1313 quia
1226 1248 1356 1297 tunc
1399 1243 1660 1314 temporis
1704 1243 1882 1298 evenit
1925 1242 2058 1298 haut
2085 1258 2227 1307 raro,
2273 1251 2336 1299 ut
2380 1259 2443 1299 ex
2490 1243 2647 1318 plebe

346 1323 748 1380 adulescentuli
790 1323 1032 1381 nondum
1076 1324 1260 1381 adulta
1287 1332 1463 1382 aetate
1492 1325 1556 1381 ad
1588 1324 1830 1397 militiam
1870 1334 2210 1403 raperentur,
2254 1327 2308 1383 id
2352 1328 2648 1385 verendum

345 1417 468 1465 erat
513 1409 834 1482 praesertim
866 1410 1191 1484 imperatore
1219 1408 1279 1466 P.
1313 1409 1578 1485 Scipione,
1626 1411 1719 1485 qui
1747 1410 1897 1467 nulla
1925 1420 2058 1468 tunc
2085 1412 2408 1470 auctoritate
2435 1412 2647 1487 publica

345 1492 581 1550 militem
610 1492 767 1568 legit,
811 1493 869 1551 C.
901 1493 1106 1551 Lucilio
1150 1495 1353 1551 homini
1397 1494 1496 1551 diti
1540 1503 1597 1552 et
1624 1496 1896 1569 equestris
1940 1495 2147 1553 ordinis
2192 1505 2247 1553 et
2290 1498 2442 1554 cuius
2480 1498 2647 1556 frater

346 1595 484 1634 avus
529 1577 639 1634 snit
679 1577 904 1651 Pompei
932 1578 1141 1654 Magni3
1186 1585 1243 1635 et
1272 1578 1522 1636 Africano
1569 1581 1665 1653 qui
1697 1578 2045 1637 lectissimum
2091 1597 2362 1656 quemque
2405 1582 2646 1640 adhibuit

348 1661 503 1720 bello
533 1663 881 1737 Numantino,
926 1679 1035 1736 quo
1066 1665 1318 1721 virtutem
1364 1672 1420 1719 et
1445 1663 1798 1739 ‘disciplinam
1829 1666 2144 1722 restitueret
2186 1668 2447 1724 exercitui
2488 1684 2644 1742 pror-

346 1764 446 1803 sus
494 1747 757 1821 degeneri
799 1778 882 1787 —
926 1747 992 1804 de
1037 1764 1139 1822 qua
1183 1764 1244 1804 re
1281 1748 1416 1804 dixit
1458 1747 1763 1806 Momsenus
1807 1750 1936 1806 hist.
1981 1748 2135 1827 Rom.
2178 1750 2238 1822 11,
2288 1750 2391 1824 14,
2436 1751 2514 1809 16
2558 1784 2644 1796 —-

345 1832 487 1889 tales
534 1830 690 1888 suere
735 1832 929 1889 milites
974 1832 1289 1907 anquirendi
1320 1832 1385 1888 ad
1415 1833 1700 1908 parandam
1746 1835 2038 1892 victoriam.
2124 1834 2266 1891 idem
2309 1836 2538 1894 credunt
2578 1839 2642 1899 P.

342 1915 662 1991 Scipionem
718 1918 890 1972 virum
932 1918 1291 1974 Romanorum
1345 1919 1431 1974 sui
1478 1920 1736 1993 temporis
1790 1920 2164 1993 gravissimum
2210 1919 2274 1975 ab
2331 1920 2643 1979 adulescen-

345 2001 469 2058 tulo
534 2000 751 2057 vixdum
816 2003 1100 2076 pueritiam
1165 2018 1389 2078 egresso
1454 2002 1727 2077 accepisse
1787 2004 1949 2078 leges
2026 2003 2235 2062 dicendi
2301 2005 2485 2063 latine.
2556 2039 2639 2049 —

338 2094 633 2159 praeterea
665 2102 786 2142 cum
829 2084 1065 2143 Lucilius
1110 2089 1317 2162 primus
1360 2096 1596 2143 saturam
1642 2088 1706 2144 ad
1752 2087 2050 2161 carpendos
2080 2090 2273 2146 civium
2308 2106 2488 2148 mores
2517 2109 2638 2149 cum

337 2169 600 2245 publicos
646 2177 759 2226 tum
802 2172 1042 2245 privatos
1085 2172 1416 2245 instituerit,
1473 2188 1605 2246 quas
1662 2172 1804 2248 apud
1858 2189 1981 2228 eum
2026 2175 2324 2231 invenimus
2381 2179 2641 2252 temporis

338 2264 672 2313 eventorum
715 2256 1100 2313 insectationes
1157 2272 1267 2313 non
1321 2256 1543 2314 hercule
1599 2257 1783 2314 multis
1837 2259 1990 2314 annis
2045 2267 2174 2332 post
2224 2259 2323 2316 ,sed
2366 2265 2641 2335 praesenti

338 2339 601 2414 exemplo
639 2340 808 2397 factas
851 2340 1290 2398 existimabimus
1379 2341 1544 2398 veluti
1590 2342 1713 2416 quis
1756 2342 1940 2398 credet
1981 2341 2241 2400 Lucilium
2269 2342 2405 2419 Lupi
2450 2363 2641 2421 super-

338 2425 487 2481 biam
532 2440 633 2481 seu
676 2423 854 2482 clades
900 2442 1033 2500 quas
1076 2425 1329 2483 Romanis
1371 2426 1556 2483 intulit
1584 2425 1857 2486 Viriathus
1896 2443 2006 2483 non
2047 2427 2238 2485 eodem
2269 2429 2353 2485 vel
2392 2432 2639 2505 proximo

339 2518 597 2585 tempore
627 2508 723 2567 sed
753 2509 937 2567 multis
965 2512 1118 2569 annis
1158 2518 1287 2586 post
1315 2513 1469 2586 quasi
1496 2510 1817 2569 historicum
1845 2519 2032 2587 ageret
2059 2514 2314 2571 notasse?
2381 2515 2484 2573 iam
2516 2534 2639 2575 cum

335 2596 554 2653 multus
596 2596 672 2651 sit
713 2596 767 2651 in
811 2594 965 2670 Lupo
1019 2596 1260 2654 vexando
1315 2595 1583 2668 LuciliuS,
1641 2598 1797 2653 cuius
1851 2600 2148 2672 potentiam
2199 2601 2418 2656 nimiam
2468 2602 2639 2660 fuisse

336 2682 552 2738 civitati
596 2682 823 2737 maxime
867 2682 1008 2739 circa
1050 2698 1247 2742 annum
1296 2698 1348 2736 u.
1392 2698 1440 2737 c.
1490 2681 1629 2753 607,
1678 2698 1787 2756 quo
1832 2690 1960 2756 post
2004 2681 2395 2741 damnationem
2442 2703 2640 2744 censor

336 2766 523 2822 sactus
557 2773 666 2836 est,
710 2764 922 2823 videtur
950 2765 1249 2840 probabile,
1292 2782 1404 2823 non
1444 2768 1517 2822 ita
1548 2766 1778 2823 multum
1810 2784 1838 2826 a
1870 2783 2020 2824 vero.
2042 2766 2307 2825 aberraris
2346 2771 2635 2828 statuendo

336 2852 486 2907 circa
534 2850 757 2924 triginta
802 2853 955 2907 annis
999 2853 1151 2924 prius
1195 2867 1356 2924 quam
1398 2850 1567 2908 refert
1609 2850 1971 2925 Hieronymus
2027 2859 2212 2909 natum
2268 2852 2439 2912 fuisse
2482 2856 2637 2914 Luci-

335 2935 499 2992 lium.
564 2934 721 2991 cuius
751 2951 860 3008 quo
892 2936 1251 3009 explicaretur
1293 2951 1451 2992 error
1494 2935 1599 2992 suit
1643 2937 1735 3011 qui
1780 2936 1985 2993 diceret
2030 2935 2196 2993 videri
2238 2954 2380 3006 eum,
2428 2943 2637 2997 cumin

336 3019 639 3094 exemplari
682 3018 1012 3077 Suetoniano
1067 3019 1210 3092 (nam
1267 3037 1332 3077 ex
1390 3021 1495 3078 hoc
1550 3036 1687 3094 quae
1740 3020 1804 3077 ad
1858 3021 2065 3077 litteras
2122 3019 2334 3079 Latinas
2389 3033 2638 3098 spectant

334 3113 568 3178 praeter
610 3120 699 3160 res
743 3103 1011 3161 Hadriano
1054 3106 1387 3178 posteriores
1432 3104 1611 3161 addita
1665 3106 1922 3162 chronico
1968 3115 2172 3162 norunt
2213 3107 2483 3183 plerique)
2535 3128 2636 3167 nu-

335 3205 528 3245 merus
561 3205 825 3246 annorum
854 3188 1044 3246 Lucilii
1088 3198 1232 3248 esset
1274 3198 1589 3264 corruptum
1630 3197 1824 3263 poetae
1868 3206 2066 3247 annum
2094 3190 2207 3248 sive
2248 3193 2478 3250 natalem
2523 3197 2635 3251 sive

335 3273 567 3331 fatalem
597 3274 957 3347 computando
989 3282 1313 3331 assecutum.
1381 3274 1478 3331 sed
1506 3275 1808 3350 speciosior
1850 3283 1935 3333 est
1963 3275 2066 3331 alia
2094 3277 2428 3353 coniectura,
2474 3295 2633 3352 quam

335 3358 614 3434 prolatam
658 3358 721 3415 ab
764 3359 983 3416 homine
1026 3360 1188 3417 docto
1233 3361 1529 3434 nescioquo
1574 3360 1791 3416 memini
1820 3359 2108 3434 aliquando
2139 3377 2349 3417 mecum
2392 3378 2633 3419 commu-

333 3446 525 3500 nicare
571 3443 867 3501 Arnoldum
913 3443 1233 3519 Opilionem,
1278 3445 1452 3501 virum
1497 3444 1920 3502 celeberrimum.
2008 3445 2178 3518 igitur
2218 3443 2312 3501 ille
2349 3445 2633 3504 observata

333 3528 674 3585 Lachmanni
726 3530 780 3584 in
835 3528 994 3584 simili
1057 3544 1243 3586 errore
1298 3529 1609 3603 Hieronymi
1664 3528 1971 3604 detegendo
2026 3529 2235 3585 ratione
2307 3524 2406 3606 [cs.
2467 3529 2629 3589 Maur.

334 3613 544 3687 Haupt.
592 3621 801 3686 quaest.
849 3612 1042 3669 Catuli.
1099 3630 1191 3688 pg.
1242 3608 1348 3690 15]
1408 3615 1602 3671 statuit
1654 3613 2041 3688 Hieronymum
2097 3613 2408 3673 confudisse
2462 3620 2632 3692 magi-

333 3706 551 3755 stratus
596 3696 689 3771 Sp.
736 3697 998 3754 Postumii
1043 3697 1219 3754 Albini
1264 3698 1441 3773 Magni
1501 3707 1557 3755 et
1600 3697 1660 3754 L.
1709 3696 1981 3773 Calpurnii
2025 3697 2081 3754 C.
2129 3699 2169 3756 f.
2217 3697 2272 3754 C.
2319 3718 2373 3756 n.
2420 3700 2634 3759 Pisonis

335 3783 632 3839 Caesonini
687 3799 808 3841 cum
863 3787 926 3839 A.
971 3781 1236 3839 Postumii
1291 3785 1355 3840 A.
1402 3784 1443 3839 f.
1490 3785 1550 3839 A.
1596 3800 1652 3839 n.
1709 3782 1886 3839 Albini
1943 3791 2000 3840 et
2052 3781 2109 3839 G.
2155 3784 2430 3859 Calpurnii
2487 3784 2544 3842 C.
2591 3787 2628 3843 l'.

254 3861 262 3870 ’
333 3867 393 3926 C.
445 3885 503 3923 n.
552 3866 797 3940 PisoniS,
855 3869 949 3942 qui
1002 3866 1156 3924 fuere
1200 3868 1454 3925 consules
1510 3885 1556 3924 a.
1606 3885 1659 3924 u.
1709 3866 1850 3925 574.
1929 3884 2058 3925 sane
2102 3869 2206 3925 hoc
2260 3871 2307 3926 si
2351 3872 2632 3945 statueris,

334 3959 535 4010 omnes
591 3954 695 4008 iam
753 3952 1021 4010 tolluntur
1074 3950 1438 4010 difficultates,
1529 3952 1631 4009 suit
1684 3953 1852 4026 igitur
1907 3951 2141 4009 Lucilius
2192 3955 2425 4028 aequalis
2470 3956 2630 4029 paulo

332 4039 524 4094 minor
568 4045 745 4094 aetate
788 4036 1048 4111 Scipioni,
1094 4054 1255 4111 quem
1297 4056 1345 4094 a.
1378 4055 1434 4096 u.
1466 4037 1613 4109 569,
1657 4036 1822 4111 paulo
1867 4039 2035 4094 maior
2074 4039 2256 4110 Accio,
2302 4056 2462 4113 quem
2507 4040 2631 4098 584

332 4130 530 4180 natum
576 4130 806 4180 constat.
880 4121 1154 4195 probabile
1198 4131 1282 4179 est
1323 4130 1504 4180 autem
1549 4120 1606 4178 C.
1651 4121 1913 4179 Lucilium
1957 4130 2021 4179 ut
2063 4124 2299 4196 equitem
2332 4123 2630 4180 Romanum

331 4217 393 4264 et
441 4208 681 4281 negotiis
725 4205 953 4280 publicis
995 4205 1313 4280 implicitum
1362 4201 1459 4284 [cf.
1489 4206 1666 4280 XXVI,
1701 4201 1806 4283 15]
1853 4208 2027 4268 serius
2056 4208 2300 4281 attigisse
2343 4209 2628 4283 poeticam,

330 4300 398 4350 ut
449 4290 680 4348 florente
723 4292 828 4348 iam
856 4293 1041 4364 Accio,
1071 4290 1298 4348 Pacuvio
1343 4300 1522 4349 autem
1550 4308 1682 4348 sene
1713 4290 1998 4347 admodum
2028 4293 2259 4365 primum
2301 4291 2490 4350 ederet
2519 4311 2632 4351 car-

331 4379 483 4433 mina
552 4375 748 4450 quibus
803 4376 910 4432 illis
956 4375 1304 4434 obtrectaret.
1412 4393 1547 4450 quae
1601 4377 1947 4434 vehementer
1999 4375 2224 4450 probata
2278 4378 2630 4452 popularibus

451 4473 498 4513 O.
526 4473 681 4513 Lucili
708 4477 847 4514 satur.
875 4474 954 4514 rel.
2138 4479 2201 4527 19
