3267 5075
915 419 919 424 .
1003 377 1457 436 rnsrmomA
1493 376 1589 435 DE
1628 378 1936 436 memo,
2232 342 2239 351 ’
2482 381 2611 445 291

324 548 454 603 mihi
496 563 606 603 non
654 546 867 603 videtur
897 546 1135 603 dubium.
1184 578 1267 589 —
1312 547 1589 603 fatendum
1621 555 1799 602 tamen
1843 549 1898 602 in
1930 544 2076 603 tanta
2104 547 2454 622 reliquiarum
2484 566 2614 623 pau·

322 634 482 688 citate
536 633 850 687 memoriam
903 631 1046 688 illius
1101 633 1328 705 reperiri
1385 631 1605 688 nullam.
1701 631 1803 691 sed
1858 639 2042 706 aperte
2108 640 2320 707 spectat
2373 632 2438 688 ad
2497 649 2615 689 eam

324 716 557 772 alterum
613 718 982 791 pragmaticon
1039 717 1182 773 Accii
1209 757 1215 769 .
1240 716 1622 791 fragmentum.
1683 747 1760 757 -—
1818 717 1872 774 5.
1930 719 2107 774 multa
2167 734 2297 775 eum
2347 719 2616 775 libertate

323 803 605 859 notabant
617 825 637 865 ;
680 818 749 858 ne
792 803 1008 858 nomina
1053 801 1271 876 quidem
1301 802 1546 874 silenteS,
1591 801 1739 875 quod
1785 809 1836 857 et
1867 803 2044 876 ipsum
2088 804 2329 858 imitatur
2356 801 2613 860 LuciliuS.

322 917 407 927 —
453 885 516 943 6.
564 885 621 941 7.
689 887 825 943 hinc
869 890 1048 944 omnis
1086 888 1300 959 pendet
1329 887 1601 956 LuciliuS,
1649 887 1821 943 hosce
1854 894 2089 943 secutus
2117 891 2614 945 mutati-stantum

324 974 582 1028 numeris
621 973 977 1045 pedibusque
991 996 1009 1035 ‚·
1062 973 1219 1027 nimis
1277 987 1389 1027 rem
1440 977 1736 1046 exaggerat
1781 970 2069 1040 Horatius;
2124 988 2244 1028 nam
2299 974 2458 1028 etiam
2513 973 2615 1028 alia

326 1055 467 1119 haud
511 1072 680 1130 pauca
734 1073 871 1130 quae
923 1073 1035 1112 non
1091 1056 1155 1112 ad
1199 1055 1463 1129 carpenda
1506 1057 1698 1112 civium
1756 1057 1880 1111 vitia
1935 1063 1991 1112 et
2035 1046 2388 1131 corrissgendos
2433 1074 2613 1114 mores

322 1141 665 1215 pertinerent
708 1142 763 1196 in
792 1140 980 1197 Lucilii
1009 1143 1207 1197 saturis
1236 1140 1409 1196 fuere.
1482 1149 1761 1214 praeterea
1805 1141 2025 1197 archaea
2054 1142 2356 1198 Atticorum
2400 1158 2615 1198 comoe-

324 1226 410 1281 dia
455 1241 775 1300 quamquam
822 1228 877 1283 et
918 1227 1033 1299 ipsa
1081 1225 1405 1300 castigandis
1448 1226 1642 1281 civium
1687 1224 1927 1281 moribus
1969 1225 2072 1282 fuit
2101 1226 2388 1299 destinata,
2434 1234 2613 1283 tamen

317 1301 499 1366 'libero
543 1312 798 1385 ingressu
839 1312 896 1366 iu
941 1311 1176 1367 alienum
1220 1318 1278 1367 et
1322 1318 1381 1366 ut
1425 1312 1498 1366 ita
1529 1309 1699 1366 dicam
1746 1310 1984 1384 purioris
2016 1311 2248 1367 aetheris
2294 1329 2396 1368 nos
2440 1319 2615 1367 trans-

325 1394 470 1450 ferre
519 1402 658 1450 amat
704 1394 921 1466 orbem,
974 1402 1028 1475 at
1071 1395 1307 1452 Romana
1364 1396 1526 1450 satira
1581 1401 1789 1468 perstat
1833 1395 1948 1452 sere
1993 1396 2047 1452 in
2095 1397 2230 1452 vitae
2275 1397 2614 1470 quotidianae

325 1479 489 1535 rebus
549 1487 604 1535 et
658 1479 965 1535 hominibus
1020 1479 1409 1556 proponendis,
1508 1481 1692 1553 itaque
1747 1480 2096 1537 mordacitate
2164 1483 2502 1554 potissimum
2562 1490 2617 1538 et

327 1563 579 1620 libertate
622 1563 811 1620 similis
854 1565 1231 1639 Aristophanis
1260 1563 1517 1622 Lucilius.
1563 1594 1649 1604 —
1692 1568 1924 1622 mutatis
1968 1573 2187 1623 tantum
2225 1568 2470 1638 pedibus
2511 1585 2616 1623 nu-

323 1653 632 1722 mer-isque,
681 1651 804 1722 quia
848 1648 1069 1706 Flaccus
1115 1666 1238 1706 cum
1282 1648 1556 1722 plerisque
1585 1647 1948 1719 Romanorum
1995 1653 2242 1725 exiguam
2287 1646 2371 1707 v‘el
2415 1651 2616 1707 nullam

326 1732 564 1790 habuere
621 1735 885 1790 rationem
942 1734 1291 1791 iambieorum
1348 1744 1404 1789 et
1474 1733 1867 1790 trochaicorum
1931 1734 2122 1792 Lucilii
2186 1734 2464 1792 librorum.
2534 1766 2615 1776 -—

328 1819 384 1876 7.
447 1819 722 1892 facetum
773 1820 850 1875 ita
893 1826 995 1876 sat.
1043 1819 1087 1874 X
1139 1819 1327 1892 fuerit
1371 1819 1661 1893 Luciliu-5¹,
1705 1823 1970 1892 inquam,
2017 1825 2191 1877 comis
2235 1828 2289 1877 et
2334 1823 2612 1878 urbanuS.

326 1913 382 1959 et
427 1902 789 1960 urbanitatem
832 1903 1024 1962 Lucilii
1069 1905 1271 1979 passim
1325 1902 1571 1959 laudibus
1616 1903 1860 1960 extulere
1905 1904 2111 1961 Tullius
2168 1913 2223 1961 et
2276 1908 2449 1961 secuti
2493 1923 2616 1962 eum

327 1987 594 2063 plerique.
632 2019 715 2029 --
761 1987 820 2044 8.
867 1996 1166 2047 emunctae
1196 1992 1363 2045 naris
1374 2012 1394 2053 ,-
1435 1988 1577 2044 idem
1608 1988 1724 2044 fere
1755 1989 1859 2046 hoc
1889 1989 2009 2046 loco
2040 1987 2375 2062 significatur
2404 1990 2617 2061 Flacco,

327 2075 458 2128 citra
506 2080 684 2129 tamen
731 2089 942 2130 omnem
988 2072 1344 2151 hyperbolen,
1395 2072 1541 2147 quod
1570 2072 1745 2129 Plinio
1777 2090 1898 2129 cum
1931 2073 2061 2131 dicit
2092 2076 2325 2148 primum
2354 2074 2618 2132 Lucilium

327 2158 637 2214 condidisse
680 2157 794 2214 stili
837 2176 1046 2215 nasum.
1120 2160 1193 2213 ita
1238 2168 1293 2215 et
1338 2157 1562 2215 Martial.
1607 2157 1647 2227 1,
1684 2158 1719 2215 3
1765 2158 1833 2214 de
1873 2158 2180 2215 hominibus
2224 2159 2437 2216 subtilis
2482 2162 2620 2234 pari-

329 2250 413 2298 ter
457 2260 520 2299 ac
564 2240 797 2299 difficilis
842 2244 1053 2301 iudicii:

584 2374 817 2429 maiores
861 2390 1127 2448 nusquam
1169 2372 1428 2442 rhonchi‚
1470 2373 1802 2447 iuvenesque
1844 2389 2110 2477 senesque

585 2467 641 2513 et
683 2460 837 2532 pueri
880 2474 1037 2515 nares
1080 2458 1441 2515 rhinocerotis
1485 2455 1701 2513 habent.

331 2606 573 2655 ceterum
617 2604 810 2653 notum
853 2604 1000 2667 est,
1029 2613 1186 2671 quam
1228 2595 1454 2652 ridicule
1496 2596 1908 2671 philologorum
1964 2597 2210 2671 plerique
2253 2597 2490 2654 dictione
2530 2598 2623 2654 illa

332 2699 488 2757 quam
536 2698 696 2738 nemo
741 2680 987 2738 adhibuit
1028 2690 1156 2755 post
1198 2680 1473 2737 Horatium
1519 2688 1745 2755 excepto
1803 2683 1895 2755 qui
1940 2689 2125 2755 aperte
2174 2681 2426 2738 exscribit
2468 2682 2622 2738 illum

261 2807 267 2811 <
328 2767 575 2824 Phaedro
625 2762 741 2843 [111‚
787 2766 847 2837 3,
898 2760 1003 2842 14]
1051 2765 1202 2822 abusi
1248 2767 1375 2821 sint.
1451 2782 1644 2840 nempe
1688 2765 1822 2822 adeo
1868 2766 2012 2840 apud
2051 2766 2355 2824 Harlesium
2398 2768 2453 2821 in
2498 2768 2622 2822 vitis

331 2845 741 2927 philologorum
785 2850 894 2923 lm,
926 2850 1047 2906 242
1091 2849 1330 2907 Reitzius
1376 2850 1443 2907 de
1475 2850 1883 2907 Hemsterhusio
1930 2850 2040 2908 ‘cui
2085 2860 2281 2926 quanta
2325 2868 2448 2908 cum
2492 2869 2623 2908 cura

331 2953 488 2993 nares
532 2938 679 3011 ipsae
723 2936 903 2992 Musae
947 2937 1305 3007 emunxerint,
1348 2944 1468 2992 tute
1511 2935 1758 2992 novisti.'
1810 2966 1896 2978 --
1952 2936 2010 2993 8.
2059 2936 2115 2993 9.
2181 2939 2366 2994 durus
2410 2954 2622 3008 conpo-

332 3038 474 3079 nere
518 3038 754 3086 versus;
795 3039 930 3078 nam
969 3021 1088 3094 fuit
1128 3022 1240 3077 hoc
1283 3023 1548 3084 vitiosus;
1590 3020 1662 3076 cf.
1713 3020 1811 3092 10,
1850 3021 2041 3091 1—3;
2088 3020 2157 3077 ib.
2191 3020 2473 3092 56—613
2519 3022 2626 3077 hoc
2692 3011 2704 3026 χ

331 3107 589 3163 iudicium
635 3105 782 3181 quod
827 3106 889 3161 ad
935 3104 1227 3180 dactylicos
1271 3104 1460 3161 Lucilii
1504 3104 1670 3184 libros
1714 3107 1952 3179 pertinet
1982 3122 2175 3163 vereor
2217 3124 2285 3163 ne
2329 3109 2403 3163 sit
2446 3107 2623 3162 minus

330 3208 583 3266 aequum.
657 3208 779 3247 nam
822 3198 1038 3264 praeter
1080 3191 1421 3246 hexametros
1452 3191 1806 3264 paucissimos
1852 3208 2072 3247 caesura
2101 3199 2346 3248 carentes
2388 3199 2442 3247 et
2473 3207 2624 3264 aspe-

332 3279 477 3333 riora
509 3276 771 3351 quaedam
800 3276 1060 3351 synizesis
1092 3274 1337 3349 exempla
1368 3283 1423 3331 et
1454 3275 1715 3347 elisioniS‚
1762 3274 1958 3349 quibus
2004 3276 2265 3332 accedunt
2307 3292 2417 3332 non
2464 3276 2622 3331 nimis

336 3378 460 3418 raro
506 3361 796 3436 spondiaca
842 3360 1097 3418 vocabula
1141 3360 1439 3416 secundum
1484 3360 1678 3434 pedem
1722 3361 1991 3434 explentia
2046 3361 2124 3417 vel
2167 3360 2465 3434 productae
2508 3362 2627 3415 iure

338 3462 594 3503 caesurae
640 3462 740 3502 seu
786 3444 921 3502 finiti
965 3461 1158 3501 sensus
1203 3443 1389 3502 finales
1433 3454 1489 3501 et
1531 3447 1770 3501 minores
1814 3444 2071 3519 quaedam
2111 3444 2452 3515 insolentiae,
2497 3444 2649 3522 quid·

338 3540 630 3606 tantopere
671 3533 728 3587 in
763 3532 1010 3589 numeris
1038 3529 1325 3587 Lucilianis
1367 3530 1704 3603 displicuerit
1743 3547 1854 3586 non
1898 3529 2075 3600 video,
2120 3531 2213 3604 qui
2255 3529 2385 3584 mihi
2427 3545 2627 3602 nequa·

337 3634 496 3691 quam
525 3616 779 3673 videntur
807 3615 1031 3672 sordere
1059 3614 1290 3671 multum
1319 3631 1447 3689 prae
1476 3614 1685 3671 Horatii
1715 3623 2046 3684 saturarum3
2082 3631 2309 3688 quarum
2338 3630 2468 3670 sane
2498 3622 2627 3669 sunt

337 3701 508 3759 multo
552 3701 730 3757 minus
771 3699 940 3757 limati
984 3716 1045 3756 ac
1088 3702 1220 3756 tersi
1250 3716 1410 3774 quam
1439 3700 1811 3773 epistularum.
1886 3699 2120 3756 fortasse
2165 3708 2344 3755 tamen
2387 3700 2487 3754 ista
2518 3715 2628 3754 non

341 3794 445 3842 tam
488 3787 764 3861 pertinent
807 3786 872 3842 ad
914 3784 1175 3841 Lucilium
1221 3784 1545 3859 carpendum
1591 3776 1749 3859 quan'i
1802 3784 1867 3840 ad
1913 3783 2362 3859 perstringendos
2409 3783 2628 3857 oblique

338 3871 545 3930 Horatii
565 3903 572 3910 ,
591 3870 892 3945 aequalium
938 3886 1033 3927 eos
1075 3871 1169 3944 qui
1197 3871 1357 3926 nimia
1386 3869 1576 3926 Lucilii
1607 3869 1958 3925 admiratione
1988 3886 2110 3925 cum
2141 3877 2460 3926 tenerentur
2503 3869 2630 3923 vitia

337 3958 522 4031 potius
566 3958 683 4013 eius
728 3972 885 4030 quam
931 3957 1160 4011 virtutes
1202 3954 1485 4011 imitandas
1525 3954 1624 4011 sibi
1655 3954 1933 4010 ducerent.
1979 3985 2061 3994 —
2109 3954 2166 4011 9.
2218 3954 2315 4011 10.
2376 3956 2435 4009 in
2479 3954 2628 4009 hora

340 4058 516 4115 saepe
556 4043 836 4098 ducentos
878 4049 941 4098 ut
983 4058 1249 4114 maynum
1294 4055 1498 4097 versus
1539 4041 1793 4096 dictabat
1822 4047 1987 4096 stans
2011 4041 2161 4111 pede
2190 4043 2249 4095 in
2280 4054 2413 4095 uno.
2469 4038 2629 4093 etiam

341 4127 427 4184 hic
471 4128 651 4183 minus
694 4133 845 4182 recte
888 4121 1136 4181 Flaccum
1185 4125 1251 4181 de
1294 4123 1503 4180 Lucilio
1548 4124 1813 4180 iudicasse
1856 4124 2126 4180 existimo.
2218 4124 2416 4197 quippe
2461 4138 2631 4194 prona

344 4219 427 4269 est
470 4213 704 4286 suspitio
761 4210 911 4267 illum
967 4209 1128 4265 verba
1185 4210 1345 4265 huius
1404 4208 1597 4283 quibus
1655 4209 1762 4265 tale
1819 4208 2021 4282 aliquid
2075 4208 2142 4263 de
2198 4224 2258 4262 se
2301 4205 2634 4280 praedicaret

342 4297 476 4353 male
521 4313 644 4353 esse
686 4297 1101 4370 interpretatum
1151 4296 1261 4367 ita,
1319 4302 1379 4350 ut
1422 4310 1706 4350 numerum
1750 4292 1961 4349 finitum
2006 4292 2286 4364 crederet,
2346 4292 2439 4365 qui
2484 4298 2633 4347 esset

343 4383 553 4457 positus
610 4398 711 4454 pro
767 4382 958 4453 quovis
1019 4377 1262 4450 infinit03
1333 4388 1391 4436 ut
1446 4378 1568 4435 alibi
1624 4388 1708 4435 est
1775 4378 1916 4452 apud
1983 4376 2215 4433 eundem
2275 4395 2517 4451 quorum
2572 4370 2665 4433 in'

2100 4474 2207 4527 19*
