3267 5075
1255 315 1474 370 LIBER
1509 315 1709 371 XXVI.
2502 318 2632 382 245

504 483 682 557 xxvi,
731 481 911 542 1-5,
983 484 1206 557 exponit
1257 482 1314 543 L.
1369 482 1435 538 de
1493 482 1797 539 rationibus
1856 485 2061 559 proprii
2122 486 2368 542 carminis
2420 494 2474 542 et
2535 487 2627 560 qui

340 568 535 623 sactum
583 575 647 623 ut
689 568 751 623 ad
798 577 1006 623 saturas
1052 566 1363 623 scribendas
1409 567 1704 641 applicaret
1757 570 2009 626 animum.
2060 598 2142 614 ·—
2186 569 2431 643 Congum
2477 571 2630 627 illum

337 652 565 710 Rothius
622 654 815 709 statuit
881 668 1004 708 esse
1060 651 1290 708 eundem
1347 654 1500 708 cuius
1569 661 1629 708 ut
1687 654 1920 709 hominis
1975 654 2318 711 historiarum
2381 663 2438 711 et
2491 658 2628 712 anti-

339 739 601 812 quitatum
649 745 707 794 et
747 738 878 793 iuris
922 736 1092 794 civilis
1135 737 1446 810 peritissimi
1493 737 1733 793 meminit
1763 738 1949 796 Cicero
1990 755 2090 812 pro
2121 738 2339 795 Plancio
2387 738 2497 813 24,
2544 739 2623 796 68

336 831 388 879 et
429 822 496 879 de
542 838 626 878 or.
671 812 728 893 1,'
773 821 889 894 60,
933 820 1087 891 2563
1142 821 1319 877 minus
1377 830 1555 892 recte,
1613 838 1733 878 cum
1781 821 1933 878 illum
1987 839 2097 879 non
2153 825 2225 880 ita
2283 823 2453 880 multo
2499 832 2625 881 ante

335 923 529 963 annum
588 923 642 962 u.
703 924 752 963 c.
809 907 932 964 700
984 906 1283 962 decessisse
1342 915 1426 963 sat
1482 914 1698 962 constet
1756 923 1989 981 cumque
2045 909 2159 982 ipsa
2219 905 2377 963 verba
2430 907 2621 964 Lucilii

332 987 643 1066 significent
687 992 959 1048 hominem
1005 990 1349 1046 mediocriter
1376 990 1596 1048 doctum
1627 998 1685 1047 et
1713 991 2029 1048 litteratum.
2071 1023 2157 1032 —
2201 1000 2440 1048 ceterum
2472 993 2624 1049 suere

335 1078 423 1150 qui
479 1074 848 1149 fragmentum
903 1074 1038 1131 illud
1096 1073 1243 1148 quod
1299 1074 1336 1131 l.
1396 1074 1566 1144 xxix,
1606 1076 1665 1131 in
1722 1074 1829 1133 line
1885 1078 2284 1133 trochaicorum
2340 1079 2621 1150 posuimus

331 1160 469 1217 idem
525 1177 647 1216 curn
699 1167 894 1217 nostro
948 1161 1049 1215 rati
1097 1158 1253 1215 Plinii
1305 1160 1616 1216 testimonio
1677 1159 1834 1217 fidem
1888 1162 2244 1236 abrogarent,
2308 1161 2454 1235 quod
2511 1179 2620 1218 non

331 1253 513 1319 potest
568 1243 683 1301 lieri
737 1246 846 1301 nisi
887 1244 1171 1301 socordiae
1222 1260 1435 1301 omnem
1492 1243 1652 1300 fidem
1700 1247 2006 1319 superantis
2050 1254 2328 1321 arguetur.
2394 1276 2467 1287 —
2526 1247 2621 1302 scd

328 1331 544 1404 saepius
589 1329 810 1386 eandem
854 1330 1175 1385 sententiam
1220 1329 1447 1386 diversis
1491 1327 1670 1385 verbis
1713 1340 2060 1405 persecutum
2092 1348 2212 1389 esse
2242 1329 2505 1388 Lucilium
2536 1332 2620 1387 vel

328 1416 580 1489 sequenti
623 1413 895 1471 Ciceronis
942 1421 1163 1489 apparet
1209 1414 1542 1471 testimonio.

345 1536 351 1545 ι
497 1498 557 1556 2.
629 1500 899 1562 Persiu-9,-
942 1497 1010 1554 de
1054 1499 1159 1555 hoc
1189 1496 1322 1553 nihil
1356 1500 1612 1554 traditum
1643 1499 1746 1556 nisi
1793 1500 1938 1556 Brut.
1989 1500 2091 1573 26,
2125 1501 2202 1558 99
2251 1508 2366 1557 lum
2394 1502 2618 1558 Atticus

329 1581 494 1658 ‘quid
532 1589 713 1659 erqo?
756 1591 913 1640 estne
956 1586 1068 1639 isla
1114 1582 1322 1654 (oratio
1367 1590 1422 1639 ct
1452 1585 1599 1639 bona
1632 1591 1688 1641 et
1718 1583 1938 1655 nobilis)
1971 1585 2225 1642 Fannii?
2269 1603 2403 1641 nam
2449 1590 2616 1642 varia

328 1672 518 1742 opinio
554 1673 762 1742 pueris
788 1669 949 1725 nobis
978 1674 1126 1724 erat.
1201 1669 1305 1723 alii
1331 1686 1366 1723 a
1403 1665 1460 1722 C.
1491 1668 1713 1739 Persio,
1758 1670 2015 1726 litterato
2045 1670 2289 1742 homine,
2334 1673 2616 1741 scriptam

326 1770 451 1811 esse
496 1756 731 1810 aiebant
772 1756 901 1823 illo,
959 1768 1123 1826 quem
1168 1754 1457 1826 siqnificat
1512 1755 1678 1809 valde
1732 1755 1959 1810 doctum
2017 1769 2145 1811 esse
2186 1754 2485 1812 Lucilius?
2532 1785 2616 1795 —·

327 1840 609 1903 Rutilius;
653 1839 722 1895 P.
753 1838 1007 1895 Rutilius
1049 1837 1264 1909 Rufus·
1339 1837 1425 1892 hic
1468 1836 1787 1894 adulescens
1832 1838 1934 1894 suit
1975 1855 2022 1894 c.
2055 1854 2103 1894 a.
2137 1856 2182 1895 a.
2216 1840 2340 1895 Chr.
2367 1857 2419 1895 n.
2456 1838 2611 1909 1403

325 1924 476 1979 annis
533 1923 712 1979 XXXV
768 1923 1065 1979 interiectis
1119 1921 1343 1989 consul;
1409 1929 1536 1995 post
1589 1921 1726 1978 alios
1783 1921 1893 1978 Xlll
1959 1924 2160 1979 iniuste
2218 1924 2501 1980 damnatus
2558 1932 2613 1979 et

322 2009 376 2064 in
421 2008 642 2064 exilium
699 2015 850 2063 actus
889 2006 1174 2082 Smyrnam
1221 2004 1377 2077 abiit,
1436 2005 1578 2062 unde
1621 2006 1799 2063 noluit
1852 2009 2049 2063 reverti
2094 2024 2413 2082 quamquam
2459 2024 2614 2064 revo-

324 2101 478 2149 cante
523 2092 674 2149 Sulla
730 2091 1013 2148 dictatore.
1101 2093 1149 2147 is
1199 2090 1505 2147 Stoicorum
1560 2090 1873 2165 disciplinae
1927 2090 2173 2148 addictus
2227 2100 2283 2150 et
2337 2095 2614 2150 orationes

321 2179 540 2251 scripsit
584 2186 640 2234 et
685 2177 751 2233 de
797 2177 914 2233 iure
960 2175 1218 2249 quaedam
1261 2177 1439 2248 patrio
1494 2191 1778 2246 sermone3
1834 2184 2118 2250 praeterea
2171 2177 2372 2235 Graeca
2425 2178 2612 2252 lingua

324 2263 574 2318 historias
620 2271 677 2318 et
719 2261 788 2317 de
833 2262 936 2322 vita
979 2275 1077 2316 sua
1121 2258 1288 2316 libros
1345 2259 1530 2316 edidit.
1592 2291 1667 2301 —-
1727 2261 1955 2317 amicum
2012 2260 2180 2318 fuisse
2234 2262 2295 2319 P.
2342 2261 2611 2336 Scipionis

320 2348 548 2421 eiusque
591 2344 732 2420 apud
778 2345 1111 2402 Numantiam
1170 2343 1386 2400 militiae
1440 2346 1690 2401 comitem
1747 2352 1982 2402 testatur
2037 2345 2090 2401 d.
2138 2363 2182 2402 r.
2230 2365 2285 2421 p,
2333 2348 2374 2420 l,
2404 2346 2462 2419 8,
2500 2348 2607 2410 13:
2657 2338 2663 2343 ’

325 2432 422 2503 11,
459 2431 537 2488 17
586 2430 821 2493 Tullius:
868 2431 959 2504 qui
1009 2427 1210 2486 multus
1254 2437 1339 2485 est
1367 2429 1422 2484 in
1467 2445 1533 2485 eo
1563 2429 1931 2486 memorando.
2007 2430 2189 2488 dixere
2235 2431 2302 2489 de
2346 2448 2412 2488 eo
2457 2449 2609 2505 prae·

320 2524 403 2574 ter
446 2514 707 2573 Orellium
760 2517 813 2572 in
871 2514 1206 2572 onomastico
1263 2512 1508 2571 Tulliano
1553 2512 1854 2572 Ellendtius
1911 2516 2124 2592 proleg.
2183 2517 2248 2573 ad
2304 2517 2455 2594 Brut.
2509 2534 2602 2591 pg.

318 2602 397 2659 49
427 2618 555 2676 sqq.
602 2609 658 2657 et
702 2601 1100 2657 Henricbsenus
1156 2599 1221 2655 ad
1273 2597 1395 2655 libr.
1456 2598 1523 2654 de
1568 2607 1706 2656 orat.
1750 2599 1805 2673 1,
1838 2599 1980 2657 227.
2036 2630 2119 2641 —
2179 2603 2509 2660 Tarentinis
2552 2610 2606 2660 et

318 2688 678 2745 Consentinis
720 2693 776 2742 et
820 2684 1056 2748 Siculis‚·
1100 2685 1274 2740 minus
1319 2691 1466 2740 recte
1509 2684 1815 2757 suspicatur
1856 2684 2302 2761 Wesenbergius‚
2347 2686 2606 2743 Lucilium

316 2765 435 2828 cum
482 2772 549 2827 ad
579 2772 695 2827 -hos
740 2765 1077 2844 potissimum
1123 2769 1327 2826 iudices
1371 2771 1715 2841 provocaret,
1761 2770 1852 2843 qui
1882 2768 2154 2845 bilingues
2185 2770 2372 2827 Latino
2402 2773 2609 2845 paritet·

317 2864 370 2912 et
400 2856 607 2913 Graeco
654 2863 938 2911 uterentur
978 2870 1229 2911 sermone
1259 2857 1543 2910 excusasse
1575 2853 1759 2916 ‚facete
1789 2855 2090 2911 orationem
2122 2853 2336 2912 Graecis
2376 2854 2604 2913 subinde

315 2940 491 2998 verbis
534 2940 805 2999 infectam.
993 2948 1032 2976 x

484 3026 543 3082 3.
613 3027 941 3082 sententiam
995 3023 1182 3080 Lucilii
1250 3023 1306 3079 in
1360 3022 1482 3078 loco
1538 3022 1799 3079 lacunoso
1867 3025 1996 3079 satis
2058 3033 2204 3081 recte
2257 3042 2343 3082 me
2395 3029 2604 3102 cepisse

314 3112 585 3167 existimo.
674 3109 832 3165 verba
874 3110 990 3182 ipsa
1037 3109 1281 3181 quisnam
1324 3122 1488 3164 sanus
1532 3109 1817 3180 praestet?
1854 3139 1939 3149 -—
1980 3113 2104 3166 istis
2134 3127 2262 3167 cum
2303 3115 2602 3185 scriptori-

315 3197 438 3268 bus,
484 3197 522 3251 i.
558 3211 607 3251 e.
649 3197 879 3267 pariter
922 3210 1051 3250 cum
1062 3217 1082 3258 ,·
1124 3201 1313 3268 poetas
1357 3200 1534 3248 autem
1565 3194 1738 3267 carpit
1773 3193 2041 3269 aequales,
2093 3225 2162 3235 —
2215 3211 2449 3268 capere,
2497 3198 2600 3252 de-

316 3284 556 3338 vincire.
2346 3311 2355 3316 -

481 3364 709 3422 6—20.
784 3362 1079 3420 diverbium
1123 3361 1313 3420 Lucilii
1356 3379 1478 3419 cum
1523 3364 1714 3434 amico,
1761 3365 1854 3438 qui
1899 3380 2022 3420 eum
2067 3363 2349 3437 hortatur,
2395 3373 2458 3422 ut
2502 3366 2599 3423 bo-

314 3466 475 3506 nores
518 3466 581 3506 ae
623 3448 833 3505 divitias
876 3454 1033 3524 paret
1075 3458 1131 3504 et
1175 3446 1240 3502 ad
1283 3448 1390 3504 hoe
1433 3463 1653 3521 operam
1696 3465 1847 3505 suam
1891 3446 2199 3521 pollicetur.
2274 3449 2401 3505 huic
2443 3449 2599 3507 Luci-

313 3535 415 3591 lius
458 3551 583 3591 eum
626 3534 872 3607 proprias
918 3533 1055 3589 vitae
1098 3533 1335 3588 rationes
1378 3531 1599 3607 longius
1629 3532 1794 3607 frgm.
1826 3531 2065 3588 x—xlx
2098 3534 2440 3607 exposuisset
2469 3552 2599 3592 con-

314 3619 491 3676 silium
518 3635 680 3675 suum
710 3616 1024 3692 capessendi
1068 3618 1163 3673 otii
1196 3616 1406 3672 tandem
1442 3616 1724 3692 approbat.
1801 3617 1974 3674 Tusci
1984 3636 1997 3680 ;
2045 3635 2094 3672 v.
2129 3621 2284 3674 tueri
2324 3620 2470 3693 quod
2501 3638 2600 3695 per

312 3721 370 3761 se
411 3703 676 3760 absonum
720 3704 880 3758 etiam
924 3710 1239 3775 suspectum
1268 3718 1366 3775 per
1394 3701 1665 3775 synizesin
1697 3718 1856 3777 quam
1886 3719 1916 3757 a
1945 3701 2119 3759 Plauti
2151 3702 2301 3759 libris
2332 3704 2599 3762 abiudicat

227 3844 233 3850 ,
312 3787 635 3845 Bitscbelius
678 3787 849 3861 praes.
883 3786 1032 3847 Trin.
1066 3785 1204 3843 165.
1251 3816 1335 3826 —
1385 3787 1606 3844 Tuscus
1648 3787 1791 3843 idem
1836 3786 1983 3860 quod
2028 3789 2312 3861 aruspex.

480 3891 578 3949 10.
632 3906 942 3964 numquam
967 3892 1137 3961 prius
1164 3906 1209 3946 e.
1244 3906 1298 3964 q.
1328 3907 1409 3958 s.;
1455 3888 1523 3945 de
1552 3888 1771 3945 medicis
1799 3905 1980 3949 sermo
2011 3900 2111 3948 est.
2158 3922 2242 3932 —
2285 3910 2595 3966 numquam

311 3992 408 4049 pro
452 3992 735 4049 nequam3
778 3975 1030 4030 nimirum
1074 3982 1189 4030 erat
1220 3975 1479 4048 scriptum
1511 3973 1811 4047 antiquitus
1841 3976 2164 4050 pervulgato
2196 3993 2383 4034 errore
2414 3994 2591 4034 nunc-

311 4078 476 4133 quam
522 4067 579 4117 et
619 4058 837 4133 quidem
865 4075 964 4132 per
992 4056 1440 4115 abbreviationem
1485 4052 1755 4132 {fi-quam.
1802 4091 1878 4100 -—
1927 4077 2118 4117 sensus
2152 4061 2266 4117 hic:
2311 4062 2453 4117 sicut
2482 4078 2593 4118 me-

309 4144 457 4201 dicus
501 4161 613 4200 nou
642 4143 858 4200 adhibet
887 4143 1121 4200 remedia
1151 4143 1256 4200 nisi
1286 4151 1574 4218 postquam
1606 4144 1963 4202 valetudinem
1995 4146 2229 4202 bominis
2272 4144 2592 4218 exploravit,

309 4231 377 4285 ita
419 4230 662 4286 consiliis
716 4228 783 4285 ad
840 4230 978 4286 vitae
1021 4230 1258 4285 rationes
1309 4228 1689 4302 permutandas
1744 4232 1881 4304 aptis
1936 4229 2206 4286 abstinere
2259 4237 2316 4287 te
2373 4240 2591 4304 oportet

307 4316 620 4389 priusquam
664 4314 822 4370 animi
867 4314 971 4370 mei
1014 4314 1231 4387 penitus
1275 4315 1531 4388 cognoris
1574 4321 1836 4372 naturam.
