3267 5075
1032 343 1129 399 Ex
1170 343 1403 398 LIRRIS
1440 341 1799 398 INCERTIS.
2220 423 2231 427 ς
2430 339 2555 403 143

1047 494 1069 503 ’
1120 507 1393 572 XLVIII
1439 508 1544 588 [cf.
1592 509 1704 587 83]

447 626 1058 711 pantherocamelos„

1193 738 1401 802 XLIX
1447 738 1631 818 [159]

447 857 615 922 Non.
660 858 811 940 198,
858 855 923 920 5:
981 856 1277 920 canalis
1324 854 1681 918 masculino
1729 891 1813 899 —
1860 853 2170 918 feminino
2218 853 2553 918 Lucilius

262 967 791 1057 ’ὑποκοριστικῶς
845 970 965 1055 (ita
1020 969 1361 1053 BentinuS,
1425 968 1951 1052 hyporisticos
2010 968 2187 1054 libri)
2243 970 2553 1033 canalicu-

284 1089 401 1152 lam
446 1088 619 1152 dixit.
1136 1074 1142 1079 ’

1287 1173 1338 1237 L
1386 1175 1526 1255 [79]

449 1335 794 1361 „„„„„„
818 1352 859 1360 -
909 1294 973 1353 et
1017 1294 1305 1353 ventrem
1352 1294 1416 1353 et
1461 1293 1786 1374 gutturem
1832 1290 2120 1353 eundem.

1271 1404 1354 1467 LI
1403 1406 1541 1486 [52]

330 1523 408 1586 85
450 1522 755 1585 haerebat
802 1543 1020 1585 mucro
1068 1521 1476 1606 gladiumque
1522 1522 1590 1585 in
1618 1524 1893 1603 ,pectore
1939 1523 2167 1584 totum.

1255 1635 1371 1699 LII
1421 1638 1560 1716 [87]

451 1791 533 1800 -
579 1753 1036 1836 inpermixtum
1083 1753 1419 1834 limporem
1472 1801 1751 1820 eeeee

1246 1866 1396 1930 LIII
1442 1868 1581 1947 [28]

451 2033 1155 2052 υυυυυυυυυυυυ
1206 2004 1358 2045 nam
1406 1980 1620 2066 quibu'
1667 1983 1936 2045 mendae

454 2097 746 2162 omnibus
794 2097 860 2159 in
907 2097 1096 2160 rebus
1143 2097 1308 2161 fiunt
1350 2098 1613 2181 fierique
1659 2099 1998 2180 potissunt.

1244 2220 1391 2285 LIV
1439 2221 1577 2301 [65]
1967 2239 2004 2269 ·

452 2358 686 2422 magna
731 2359 933 2420 penus
979 2359 1177 2420 parvo
1225 2337 1432 2419 spatio
1478 2340 1860 2420 consumpta
1905 2338 2155 2419 peribit.

1263 2451 1400 2528 LV,
1425 2453 1564 2534 [53]

338 2570 414 2633 90
457 2593 605 2635 saxa
649 2573 716 2633 et
762 2568 997 2633 stridor
1041 2569 1153 2633 ubi
1198 2572 1389 2653 atque
1434 2573 1733 2633 ruentum
1781 2571 2003 2635 sibilus
2049 2572 2266 2635 instat.

303 2825 355 2835 —
387 2800 610 2851 Laevius
656 2826 722 2835 —
770 2799 1081 2850 Lucilius
1122 2805 1437 2850 transverso
1483 2800 1670 2850 ordine
1717 2803 1917 2866 posuit.
2122 2801 2358 2851 XLVIII
2416 2802 2553 2851 Non.

305 2869 401 2929 120,
435 2871 493 2918 14
527 2886 569 2919 s.
603 2886 653 2918 v.
708 2868 1157 2932 hippocampi3
1215 2868 1283 2917 cf.
1327 2883 1465 2932 quae
1498 2873 1693 2918 notata
1737 2874 1862 2919 sunt
1909 2868 1974 2918 ad
2012 2869 2167 2933 frgm.
2214 2869 2553 2933 praecedens.

417 2937 458 2985 L
514 2938 653 2987 Non.
692 2938 811 2996 207,
854 2937 914 2984 16
950 2941 1185 2999 guttur
1221 2963 1283 2971 —
1321 2936 1641 2986 masculino.
1711 2937 1939 2987 Plautus
1978 2962 2041 2971 -
2077 2938 2405 2988 Lucilius.

306 3003 370 3051 LI
423 3006 553 3054 Non.
590 3006 707 3065 208,
750 3006 811 3052 12
848 3003 1110 3066 gladius
1147 3004 1451 3053 masculini.
1524 3005 1708 3054 neutri
1751 3005 2079 3059 Lucilius,
2253 3006 2357 3055 LII
2418 3006 2553 3054 Non.

304 3071 451 3133 212,3
484 3072 742 3137 lympha
780 3069 998 3136 (limfa
1036 3068 1198 3137 cdd.)‚
1236 3087 1397 3137 aqua,
1435 3086 1624 3135 genere
1651 3072 1906 3122 feminino
1931 3079 1995 3123 ut.
2031 3088 2217 3137 saepe3
2255 3072 2553 3122 masculinis

306 3138 594 3189 Lucilius.
755 3139 890 3189 LIII
948 3140 1089 3190 Non.
1137 3142 1252 3201 214,
1291 3144 1322 3188 3
1363 3139 1650 3189 mendum
1686 3167 1751 3175 --
1788 3140 2049 3190 feminini.
2130 3142 2202 3191 M.
2244 3140 2456 3190 'rullius
2492 3167 2553 3173 -—

305 3204 602 3260 Lucilius.
809 3206 932 3255 LIV
991 3208 1131 3256 Non.
1169 3210 1293 3269 219,
1332 3209 1397 3257 28
1449 3223 1656 3271 penus
1700 3209 1915 3271 generis
1961 3209 2221 3258 feminini.
2295 3206 2553 3257 Luciliur„

305 3271 586 3325 Priscianus
621 3275 723 3324 658
775 3272 863 3324 hic
899 3280 953 3323 et
999 3274 1167 3324 haec
1212 3279 1264 3324 et
1301 3274 1403 3324 hoc
1437 3291 1607 3339 penus
1645 3305 1712 3313 ——
1748 3276 1979 3326 Plautus
2017 3304 2078 3311 —
2117 3276 2451 3326 Lucilius.
2490 3302 2545 3309 --

305 3338 419 3389 idem
458 3345 550 3393 713
594 3357 801 3407 penus
848 3357 1061 3407 quoque
1112 3348 1168 3392 et
1203 3343 1488 3392 masculini
1539 3349 1591 3392 et
1647 3344 1890 3393 feminini
1939 3350 1993 3393 et
2048 3345 2226 3394 neutri
2280 3343 2554 3393 invenitur

307 3411 423 3457 teste
470 3412 684 3460 Donato
738 3414 793 3458 et
845 3408 1039 3474 Capro.
1112 3410 1341 3460 Plautus
1380 3436 1443 3446 —
1483 3411 1814 3462 Lucilius.
1871 3440 1930 3446 —
1985 3426 2050 3460 ex
2106 3412 2274 3461 Prisc.
2328 3410 2557 3459 affertur

307 3472 379 3523 hic
414 3492 586 3528 versus
634 3478 692 3527 in
728 3483 847 3526 arte
896 3493 1165 3541 anonyma
1210 3478 1290 3527 cd.
1326 3479 1488 3528 Bern.
1537 3482 1633 3527 123
1679 3494 1816 3529 saec.
1854 3478 1904 3527 X
1951 3493 2038 3543 pg.
2078 3482 2174 3529 103
2218 3479 2299 3527 ed.
2347 3480 2553 3541 Hageni

308 3544 431 3593 etin
463 3545 773 3609 anthologia
819 3546 1048 3610 quadam
1097 3561 1256 3609 quam
1300 3545 1520 3597 exhibet
1566 3547 1735 3596 codex
1779 3548 1956 3597 Paris.
2000 3550 2134 3597 4883
2178 3546 2224 3595 A
2270 3562 2405 3596 saec.
2451 3546 2557 3605 XI;

309 3614 512 3661 ceterum
561 3614 617 3663 in
668 3613 828 3663 Bern.
891 3616 986 3663 123
1039 3620 1121 3663 est
1170 3615 1436 3665 Lucius.
1523 3671 1537 3679 ,
1644 3617 1744 3667 LV
1809 3617 1946 3665 Non.
1992 3617 2116 3677 223,
2164 3618 2230 3665 25
2290 3614 2553 3664 sibilum

452 3859 526 3915 84
569 3827 825 3939 giilzurem
875 3861 939 3917 G.
1101 3860 1181 3917 85
1229 3860 1451 3917 herebat
1492 3864 1642 3918 libri.
1689 3892 1770 3902 -—
1817 3879 2004 3919 mucro
2053 3865 2120 3921 G.
2171 3896 2244 3905 —-
2300 3866 2557 3939 gladium*

309 3956 398 4013 que
437 3945 540 4016 Dp,
584 3946 819 4019 gladium
867 3964 915 4001 v.
1046 3946 1125 4003 86
1172 3946 1452 4019 limpor-em
1498 3948 1612 4019 Dp,
1662 3947 1926 4004 liml'orem
1961 3950 2028 4021 G,
2074 3950 2377 4025 limporem,
2423 3961 2557 4007 mus.

307 4027 355 4080 in
393 4026 640 4085 liml‘orem
684 4032 731 4086 L
765 4030 816 4085 1.
950 4030 1029 4086 87
1075 4048 1194 4087 nam
1243 4032 1439 4104 quibus
1468 4031 1552 4104 M,
1598 4049 1718 4087 nam
1761 4035 1816 4088 in
1848 4033 2040 4106 quibus
2072 4038 2196 4092 cdd.
2312 4035 2390 4092 89
2436 4051 2555 4107 per·-

308 4115 521 4185 vospatio
568 4115 633 4186 G,
679 4132 777 4188 per
822 4131 916 4170 vos
961 4117 1137 4189 spatio
1183 4117 1230 4171 L
1278 4116 1333 4171 1.
1378 4147 1455 4159 --
1510 4127 1789 4172 consumta
1836 4120 2013 4191 Luyd.
2177 4120 2258 4175 90
2302 4127 2553 4173 ruentum

309 4212 551 4339 (randum)
594 4271 705 4324 m’si
743 4272 924 4326 mavis
968 4269 1240 4325 furentum
1289 4216 1638 4347 (FRENIIVM)
1673 4271 1754 4343 M,
1802 4280 1959 4327 erunt
2004 4271 2129 4326 (lum
2157 4273 2311 4328 libri.
2357 4301 2437 4310 ——-
2482 4274 2533 4327 ie.-

310 4346 452 4404 inslat
503 4355 582 4408 vel
637 4351 756 4409 infit
799 4355 1029 4426 Lipsius
1073 4355 1272 4410 institis
1317 4354 1600 4429 (sequitur
1639 4356 1686 4427 s)
1733 4361 1952 4428 scripti.
