3267 5075
1362 332 1584 387 LIBER
1618 333 1737 387 XII.
2607 326 2693 390 59

1307 494 1405 560 IV
1452 493 1618 579 [XV,
1671 496 1779 576 16]

580 633 892 701 rugosum
940 614 1132 697 atque
1177 610 1335 676 fami
1379 612 1643 695 plenum
1704 660 2036 679 υυυυυυ
2064 659 2101 679 o

1025 852 1028 855 ,
1439 760 1503 827 V
1550 760 1647 845 [5]

580 928 1170 952 „„„„„„„„„„
1223 875 1439 964 quibu'
1485 876 1784 943 fructibu'
1830 877 2036 943 victus

580 1018 684 1060 me
730 993 1064 1059 decollavi!

1425 1108 1521 1173 VI
1567 1110 1663 1190 [7]

581 1224 922 1290 Diomedes
960 1224 1118 1289 485:
1167 1224 1276 1289 alii
1314 1248 1353 1289 a
1389 1223 1553 1308 (cdd.
1593 1222 1746 1308 om.)
1782 1225 1935 1288 vino
1982 1224 2379 1288 arbitrantur
2414 1221 2536 1307 (tra
2548 1242 2694 1307 goe-

384 1343 576 1406 diam
620 1340 1067 1425 nominatam),
1113 1343 1451 1425 propterea
1497 1340 1667 1425 quod
1714 1339 1865 1425 (om.
1905 1337 2071 1423 cdd.)
2118 1339 2268 1403 olim
2308 1335 2468 1420 τρὺξ
2516 1339 2692 1399 dinti-

381 1459 681 1541 tabatur,
728 1480 767 1521 a
811 1479 937 1541 quo
966 1451 1292 1542 τρύγητος
1337 1456 1709 1542 (trygetis
1756 1457 1858 1520 vel
1894 1455 2129 1519 similia
2155 1454 2332 1535 libri]
2380 1455 2692 1539 hodieque

384 1573 727 1638 vindemia
772 1576 885 1657 est,
931 1573 1083 1658 quia
1127 1572 1526 1638 Liberalibus
1575 1573 1745 1656 apud
1790 1572 2042 1636 Atticos
2089 1569 2256 1654 (add.
2308 1571 2524 1655 script-i
2572 1571 2692 1631 die

386 1689 604 1753 festo
648 1674 912 1753 Liberi
958 1689 1231 1773 patrm,
1279 1711 1440 1773 quae
1486 1689 1796 1772 irrepsere
1832 1688 2029 1752 verba
2066 1709 2141 1750 ex
2176 1687 2316 1751 loeo
2368 1687 2692 1771 superiore

387 1803 514 1869 ubi
558 1804 822 1888 legitur:
869 1803 1360 1869 Liberalibus
1409 1804 1526 1868 die
1580 1804 1783 1869 fesizo
1829 1803 2104 1868 Libero
2150 1803 2352 1886 patri
2412 1803 2504 1863 uh
2551 1803 2692 1863 hou

389 1921 648 2004 ipsum
694 1918 1274 2004 immolabatur)
1319 1921 1542 1985 vinum
1589 1920 1959 1985 can-toribus
1996 1942 2114 2003 pro
2152 1919 2488 1983 coruli-ario
2532 1915 2688 2003 (cn-

391 2035 721 2101 rellario
757 2034 930 2100 Mon.
969 2057 1052 2100 m.
1097 2037 1160 2120 l,
1197 2037 1653 2102 corellarios
1691 2036 1834 2101 Par.
1875 2035 2066 2118 7494,
2104 2034 2508 2100 colullario
2548 2031 2688 2095 Par.

395 2152 436 2216 7
440 2149 605 2237 493)
643 2151 942 2236 dabatur,
989 2153 1168 2217 cuius
1213 2154 1306 2217 rei
1351 2154 1536 2218 tesssis
1585 2156 1685 2217 est
1728 2151 2009 2217 Lucilius
2053 2152 2127 2215 in
2170 2150 2564 2215 duodessimo.

1404 2303 1533 2370 VII
1579 2305 1676 2386 [6]

577 2439 877 2483 assensus
923 2441 1067 2484 sum
1109 2419 1359 2484 homini
1417 2467 2002 2489 υυυυυυυυυυ

1470 2570 1631 2637 VIII

444 2686 528 2754 10
573 2685 773 2771 huno,
821 2687 1030 2773 siquid
1074 2688 1288 2772 pueris
1334 2687 1524 2753 nobis
1570 2709 1674 2751 me
1720 2690 1785 2751 et
1827 2687 2025 2752 fratre
2071 2688 2316 2775 fuisset.

397 2969 581 3004 rarum
614 2952 713 3009 lib.
752 2953 861 3005 XII
908 2950 1290 3018 (XV-Bam„
1329 2955 1374 3004 L
1411 2953 1482 3017 2).
1652 2953 1732 3004 IV
1789 2954 1925 3005 Gell.
1965 2954 2146 3017 VIIII,
2184 2958 2264 3015 14‚
2304 2959 2336 3007 Ξ]
2380 2955 2460 3003 sic.
2508 2959 2688 3007 autum

394 3022 513 3072 dies
551 3021 631 3071 dii
663 3037 699 3071 a
733 3023 1006 3072 veteribus
1041 3020 1371 3073 declinatum
1406 3028 1492 3073 est
1527 3025 1590 3072 ut
1626 3022 1795 3073 fames
1831 3022 1991 3073 fami
2015 3050 2080 3059 —
2103 3023 2177 3074 M.
2214 3023 2351 3075 Cato
2388 3051 2452 3059 -π
2492 3023 2688 3071 Laui*

397 3089 529 3140 lius
574 3089 634 3139 in
667 3089 774 3139 XII
816 3087 958 3156 (XV
1003 3089 1351 3155 Stephanus).
1487 3090 1537 3139 V
1595 3088 1775 3140 Diom.
1814 3092 1912 3142 361
1957 3090 2218 3143 decollo
2256 3091 2544 3139 decollavi:
2587 3091 2688 3139 hon

396 3158 629 3209 verbum
661 3157 807 3223 apud
841 3162 1050 3208 veteres
1084 3159 1293 3224 decipio
1331 3157 1622 3222 significat,
1661 3164 1724 3208 ut
1762 3158 1907 3224 apud
1928 3159 2188 3210 Plautum
2223 3188 2288 3192 —-
2324 3160 2452 3208 itum
2492 3160 2684 3208 Lusi-

353 3270 365 3279 ,
395 3225 531 3276 lius
566 3224 878 3276 duodecimo
914 3252 981 3260 —
1017 3225 1163 3292 (post
1197 3225 1528 3277 vocabulum
1561 3225 1809 3277 ultimum
1835 3228 2096 3293 quaedam
2129 3227 2328 3277 lacuna
2364 3228 2588 3288 hausi-¹213
2628 3228 2684 3276 in

398 3294 598 3359 quibus
632 3309 762 3344 num
799 3293 1004 3344 Lucilii
1040 3294 1244 3345 fuerint
1276 3295 1446 3345 verba
1485 3291 1795 3360 incerssum).
1936 3295 2043 3346 VH
2100 3291 2268 3344 Prisc„
2308 3296 2408 3344 SUE*
2444 3296 2684 3344 assentio

395 3367 448 3410 et
486 3360 835 3411 assentior
871 3389 938 3398 —-
972 3362 1031 3411 in
1064 3376 1175 3412 una
1211 3361 1501 3427 eademque
1537 3362 1894 3413 inveniuntur
1916 3361 2340 3428 significatione.
2400 3364 2592 3412 Εἰς-,πει
2623 3392 2688 3400 -

396 3428 705 3480 Lucilius
739 3429 798 3478 in
834 3428 958 3479 XII.
1064 3430 1198 3481 VIII
1241 3429 1461 3481 Servius
1497 3429 1565 3479 ad
1600 3444 1717 3480 aen.
1755 3431 1827 3493 11,
1863 3433 1927 3481 77
1965 3431 2174 3480 fuerit
2210 3432 2684 3496 quodnamque:

397 3512 526 3547 sane
552 3497 926 3563 quodcumque
959 3502 1178 3548 vetusta
1211 3513 1344 3548 voce
1380 3500 1607 3548 mortem
1636 3497 1938 3562 significari
1960 3496 2268 3549 Lucilius
2304 3500 2460 3548 ducet.
2496 3500 2552 3548 in
2576 3500 2684 3548 XII

396 3591 461 3601 —
495 3564 601 3614 hoc
635 3569 721 3615 est
757 3565 804 3614 si
840 3581 986 3617 mors
1019 3580 1102 3616 me
1141 3566 1231 3617 vel
1264 3565 1486 3616 fratrem
1531 3566 1895 3632 oppressisset
1942 3563 2118 3632 (nulla
2152 3568 2392 3616 varietas
2436 3568 2684 3620 lectionis

332 3639 336 3642 ’
396 3632 455 3683 in
487 3632 627 3683 libro
665 3632 1003 3699 Casselano).

568 3900 606 3973 8
651 3900 915 3958 decollam
958 3901 1102 3958 Par.
1153 3901 1340 3963 7494.
1392 3932 1476 3942 —
1531 3903 1600 3958 fr.
1649 3921 1699 3958 v.
1746 3919 1817 3957 m.
1864 3902 1917 3960 d.
1962 3904 2057 3977 M,
2102 3903 2170 3960 fr.
2219 3921 2284 3960 nl.
2336 3904 2388 3960 [Ι.
2436 3924 2484 3960 v.
2536 3908 2684 3976 edm,

400 4001 499 4046 om.
545 3987 718 4048 victus
760 3987 884 4048 edd.
928 3989 1314 4064 interpolatae
1359 4004 1489 4045 cum
1531 3989 1604 4045 D.
