3267 5075
801 390 1333 459 QUAESTIONUM
1370 390 1930 447 LUCILMNARUM
1969 387 2203 444 LIBER.
2563 396 2648 453 X1

356 584 534 641 saepe
571 564 1032 639 haudquaquam
1068 562 1209 622 licet
1243 560 1493 633 definiri,
1531 561 1606 619 de
1633 559 1936 636 praesenti
1972 561 2238 634 tempore
2276 575 2353 615 an
2380 556 2453 614 de
2482 574 2648 631 prae-

356 674 536 732 terito
573 674 717 748 agat
751 672 931 745 poeta
957 671 1020 727 et
1045 669 1287 744 propria
1313 688 1390 727 an
1417 668 1612 727 aliena
1641 686 1712 726 ex
1738 679 1992 743 persona
2016 665 2284 741 proferat
2324 683 2420 723 res
2449 682 2649 722 narra-

343 785 469 856 ,taa
499 798 633 839 cum
659 776 1177 853 frequentissimae
1206 774 1487 835 diverbiis
1516 774 1644 833 eius
1671 774 1897 833 fuerint
1924 776 2178 832 saturae.

535 885 733 961 Igitur
756 883 1142 972 longissimae
1170 882 1329 942 vitae
1358 884 1419 940 et
1445 884 1515 939 ut
1544 881 1699 941 solet
1725 881 1855 939 fieri
1881 881 1945 939 in
1971 881 2150 940 rebus
2171 880 2447 944 humanis
2466 880 2651 938 laeto-

358 1013 495 1051 rum
540 969 1046 1066 adyersorumque
1082 992 1453 1049 eventorum·
1474 988 1856 1063 plenissimae
1902 987 2250 1047 memoriam
2293 985 2651 1044 carminibus

359 1101 485 1160 suis
527 1099 790 1159 servavit
829 1097 1112 1170 Lucilius,
1155 1096 1315 1155 idem
1355 1099 1558 1154 tamen
1600 1099 1673 1154 ut
1707 1094 1832 1154 suis
1869 1096 1954 1154 ita
1989 1081 2242 1173 publicis
2283 1091 2651 1168 privatisque

358 1209 542 1266 rebus
570 1226 626 1281 p.
646 1205 714 1264 R.
742 1205 1027 1278 intentuS,
1057 1223 1205 1280 quas
1233 1203 1387 1261 mira
1413 1204 1757 1262 urbanitate
1775 1202 2001 1277 pariter
2027 1220 2095 1260 ac
2122 1200 2403 1259 libertate
2432 1198 2651 1258 saturis

260 1375 269 1392 ,
361 1315 487 1376 suis
515 1311 881 1389 perstrinxit.
937 1311 1010 1369 de
1047 1329 1167 1386 qua
1200 1329 1267 1369 re
1305 1310 1748 1387 elegantissime
1784 1309 2009 1368 referre
2037 1308 2314 1367 Flaccum
2346 1308 2408 1364 in
2436 1325 2654 1366 sermo-

358 1421 537 1480 nibus
565 1422 791 1479 notum.
858 1464 864 1471 .

541 1525 979 1586 constitisse
1026 1524 1353 1600 singulos
1399 1525 1669 1585 Lucilii
1724 1525 1953 1584 libros
2000 1523 2333 1600 pluribus
2382 1519 2653 1580 saturis

359 1638 433 1693 ut
451 1634 618 1693 nullo
638 1631 977 1693 testimonio
996 1634 1283 1704 veterum,
1314 1631 1400 1690 ita
1426 1650 1491 1689 re
1519 1631 1652 1706 ipsa
1681 1634 1742 1690 et
1758 1631 2233 1707 fragmentorum
2251 1647 2405 1705 quae
2423 1629 2657 1687 restant

360 1741 703 1800 condicione
731 1738 1146 1813 conprobatur.
1203 1738 1359 1797 unde
1393 1737 1530 1797 falsi
1568 1737 1759 1811 fuere,
1789 1738 2004 1814 nequid
2035 1737 2277 1813 gravius
2307 1736 2523 1809 dicam,
2555 1734 2656 1809 qui

359 1851 432 1907 ut
459 1848 573 1907 hoc
601 1846 870 1922 exemplo
891 1848 1029 1904 utar
1049 1844 1246 1904 omnia
1273 1846 1311 1903 l.
1341 1845 1435 1903 ΠΙ
1460 1845 1803 1921 fragmenta
1831 1844 1907 1904 ad
1932 1845 2049 1902 iter
2070 1843 2336 1902 Siculum
2358 1842 2657 1918 pertinere
2689 1817 2694 1824 .

362 1954 784 2013 existimarunt
819 1956 926 2011 aut
960 1952 1064 2029 qui
1091 1955 1289 2011 totum
1324 1953 1364 2011 l.
1393 1951 1535 2010 XVI
1562 1952 1637 2010 de
1666 1950 1909 2028 Collyra
1947 1950 2236 2026 scriptum
2264 1968 2394 2008 esse
2424 1952 2659 2008 conten-

362 2061 586 2119 derunt
611 2060 760 2133 ideo,
799 2060 958 2136 quod
986 2057 1263 2136 Collyrae
1291 2059 1527 2118 nomine
1566 2062 1727 2119 esset
1760 2058 2099 2133 inscriptus.
2155 2057 2275 2115 iam
2311 2056 2385 2115 de
2413 2074 2658 2114 numero

362 2170 710 2227 saturarum
745 2186 865 2226 non
899 2167 1091 2243 magis
1130 2168 1364 2225 constat
1399 2185 1579 2241 quam
1616 2166 1691 2225 de
1727 2182 2025 2228 versuum.
2090 2164 2240 2222 illud
2268 2166 2472 2223 tamen
2499 2163 2660 2221 haud

360 2293 522 2334 vana
542 2273 897 2348 ‘coniectura
932 2273 1177 2332 ductum
1212 2272 1355 2331 licet
1389 2272 1693 2333 affirmare
1727 2291 1865 2332 cum
1891 2271 2157 2331 Lucilius
2196 2274 2258 2329 et
2292 2270 2454 2329 facili
2481 2288 2663 2345 opera

359 2365 648 2439 funderet
672 2379 866 2438 metra
890 2398 999 2438 nec
1024 2380 1112 2438 ita
1140 2382 1299 2438 esset
1328 2379 1596 2439 curiosus
1629 2379 1931 2439 recidendi
1956 2378 2115 2455 quod
2144 2377 2305 2437 ultra
2330 2377 2662 2453 perfectum

361 2489 726 2562 traheretur,
775 2487 902 2546 eius
941 2487 1002 2546 et
1035 2485 1326 2546 librorum
1363 2489 1425 2546 et
1460 2487 1789 2547 carminum
1825 2487 2106 2547 circuitus
2144 2485 2448 2562 aliquanto
2476 2483 2662 2544 fuisse

362 2597 621 2655 maiores
650 2593 1012 2667 HoratianiS,
1049 2597 1120 2653 ut
1144 2594 1458 2652 minimum
1485 2595 1718 2654 duobus
1745 2613 2030 2654 versuum
2056 2592 2297 2652 milibus
2326 2592 2664 2652 constitisse

363 2704 610 2779 singula
652 2702 957 2761 volumina
1002 2701 1123 2760 sint
1168 2701 1576 2760 existimanda.
1640 2702 1843 2778 itaque
1880 2700 2263 2778 quantumvis
2301 2699 2497 2775 amplo
2531 2699 2664 2757 reli-

362 2810 646 2885 quiarum
683 2827 929 2867 numero
966 2808 1261 2884 quantilla
1296 2827 1434 2883 pars
1473 2808 1802 2869 carminum
1838 2808 2056 2867 Lucilii
2098 2807 2177 2867 sit
2218 2810 2456 2867 servata
2491 2806 2663 2865 facile

363 2919 637 2992 apparet.
673 2947 747 2955 --
781 2918 1046 2974 ceterum
1073 2918 1312 2990 praeter
1340 2918 1575 2976 saturas
1603 2915 1751 2974 nihil
1781 2916 2034 2991 scripsit.

550 3023 648 3080 De
685 3021 934 3080 metris
972 3021 1238 3080 Lucilii
1275 3040 1411 3081 cum
1448 3023 1594 3083 satis
1630 3024 1806 3098 plene
1843 3021 2228 3082 disseruerim
2255 3039 2393 3098 pgg.
2429 3022 2511 3080 70
2540 3039 2664 3096 sqq.

365 3131 511 3190 libri
539 3130 595 3187 d.
623 3149 671 3188 r.
700 3149 776 3187 m.
800 3148 857 3204 p.
879 3128 964 3201 L.,
994 3128 1088 3186 hic
1115 3147 1305 3203 pauca
1331 3131 1631 3189 monuisse
1662 3131 1808 3190 satis
1838 3131 1968 3190 erit.
2014 3130 2201 3206 igitur
2228 3128 2454 3203 placuit
2480 3126 2668 3185 Lach-

367 3256 590 3296 manno
628 3235 968 3294 adhibuisse
1001 3234 1296 3294 Lucilium
1328 3236 1498 3296 libris
1525 3226 1723 3296 XXVI
1753 3240 1814 3296 et
1839 3234 2068 3295 XXVII
2094 3253 2305 3295 versus
2340 3233 2666 3293 trochaicos

369 3342 760 3419 septenarios,
803 3341 1062 3400 XXVIII
1099 3342 1362 3402 senarios
1398 3342 1698 3417 iambicos
1741 3343 1936 3402 XXIX
1973 3346 2035 3401 et
2069 3342 2178 3402 hos
2217 3343 2279 3399 et
2313 3340 2465 3414 illos,
2503 3339 2669 3397 XXX

367 3451 753 3509 hexametros
774 3448 1115 3524 dactylicos.
1152 3467 1260 3508 nos
1280 3449 1353 3508 de
1371 3450 1617 3527 reliquis
1636 3449 1894 3509 libenter
1912 3449 2297 3510 concedentes
2318 3448 2391 3505 de
2409 3446 2670 3505 XXVIII

371 3561 433 3616 et
460 3557 664 3616 XXIX
690 3555 859 3614 libris
887 3574 1006 3614 non
1034 3555 1272 3614 omnino
1300 3556 1719 3616 consentimus.
1776 3575 1929 3632 quae
1968 3556 2125 3615 enim
2153 3554 2268 3614 erit
2294 3554 2555 3625 audacia,
2594 3573 2668 3612 ne

369 3664 572 3723 dicam
589 3662 912 3734 temeritas,
943 3680 1079 3739 cum
1107 3662 1229 3721 sint
1253 3663 1593 3740 fragmenta
1617 3664 1659 3723 1.
1679 3662 1939 3722 XXVIII
1966 3664 2127 3722 haud
2156 3662 2334 3722 dubie
2353 3661 2670 3720 tribuenda

374 3769 474 3829 vix
502 3768 637 3842 XL,
669 3771 935 3828 statuere
962 3768 1300 3845 duodecies,
1329 3790 1448 3830 non
1474 3772 1694 3845 rarius,
1724 3771 1993 3832 evenisse
2027 3769 2407 3830 librariorum
2443 3768 2667 3843 fraude,

374 3880 444 3936 ut
472 3875 776 3936 trochaica
803 3875 929 3935 sive
956 3874 1252 3952 dactylica
1275 3880 1471 3937 metra
1498 3896 1668 3938 secus
1697 3877 2178 3937 adscriberentur
2204 3876 2342 3934 huic
2368 3875 2670 3948 volumini,

374 4003 513 4043 cum
542 3982 899 4060 praesertim
925 3982 1053 4058 ipse
1076 3982 1304 4042 Ennius
1332 3983 1396 4042 in
1423 3984 1645 4043 saturis
1671 3983 2006 4059 promiscue
2034 3982 2362 4043 trochaicos
2389 3982 2670 4042 iambicos

376 4090 710 4167 dactylicos
752 4089 1096 4149 adhibuisse
1140 4089 1416 4150 videatur
1455 4109 1751 4152 numeros
1824 4093 2137 4166 praeterea
2182 4109 2254 4149 ex
2296 4090 2337 4148 l.
2383 4087 2673 4148 XXVIIII

378 4196 657 4256 undecim
683 4197 1059 4256 hexametros
1096 4196 1267 4257 citari
1302 4216 1615 4274 perperam
1651 4197 1896 4257 credant
1930 4196 2296 4256 Lachmanni
2331 4196 2511 4270 simii,
2554 4216 2675 4256 non

378 4323 511 4381 ego·
566 4304 808 4365 videtur
832 4302 1033 4379 potius
1069 4304 1165 4363 hic
1190 4303 1378 4364 fuisse
1405 4303 1622 4364 Lucilii
1656 4305 1720 4364 in
1755 4307 1885 4363 arte
1921 4304 2170 4363 metrica
2204 4306 2674 4380 progressus,·ut

379 4428 519 4470 cum
554 4411 723 4488 prius
760 4410 1013 4487 singulis
1041 4411 1400 4474 carminibus
1435 4414 1795 4488 temptasset
1820 4414 2014 4473 metra
2040 4410 2357 4489 dactylica,
2399 4411 2519 4471 iam
2546 4413 2674 4470 toto
