3267 5075
643 321 772 384 232
1608 315 1831 370 LIBER
1867 315 1959 372 XI.

644 504 789 558 sura,
834 503 991 560 quam
1034 502 1155 541 cum
1199 484 1259 541 L.
1306 484 1556 540 Mummio
1602 484 1836 540 Achaico
1882 501 1927 539 a.
1977 484 2097 540 612
2144 485 2282 559 egit,
2327 501 2472 559 equo
2517 484 2753 558 adempto
2794 500 2913 540 cunt

644 574 697 627 in
743 571 977 626 aerarios
1019 570 1321 642 retulisset,
1365 586 1412 625 a.
1448 567 1571 626 615
1614 567 1679 624 ab
1709 567 1891 624 Asello
1937 575 2051 625 tum
2099 572 2359 644 temporis
2405 569 2622 625 tribuno
2664 569 2820 642 plebi,
2860 571 2911 625 iu

644 655 900 713 iudicium
946 662 1164 710 vocatus
1210 662 1311 710 est.
1386 652 1458 709 ibi
1502 671 1624 710 cum
1669 654 1717 708 ei
1750 661 1896 710 esset
1927 652 2199 710 obiectum
2229 653 2292 708 ab
2325 662 2652 725 accusatore,
2692 653 2911 708 lustrum

648 739 712 795 ab
758 757 823 795 eo
868 738 1146 797 conditum
1188 737 1373 795 infelix
1419 737 1619 809 fuisse,
1666 737 1811 810 quod
1857 738 2164 811 pestilentia
2210 738 2264 792 id
2308 746 2600 794 consecuta
2639 746 2769 809 erat,
2811 737 2915 793 Sci-

648 826 738 898 pio
786 822 921 880 ‘noli
960 823 1192 879 miraril’
1236 824 1441 895 inquit3
1488 820 1558 879 ‘is
1589 823 1732 877 enim
1763 823 1854 895 qui
1886 830 1939 878 te
1969 839 2035 878 ex
2066 825 2285 878 aerariis
2315 824 2512 878 exemit
2542 822 2765 879 lustrum
2795 838 2917 878 con-

648 908 785 964 didit
813 916 867 963 et
900 916 1113 963 taurum
1142 905 1494 976 immolavit’3
1539 907 1608 963 cf.
1658 904 1764 964 Cic.
1811 905 1878 962 de
1923 924 2003 963 or.
2039 907 2101 979 ll,
2134 908 2236 979 66,
2268 907 2411 964 268.
2500 909 2642 963 huuc
2679 906 2914 979 equidem

648 993 938 1067 plerosque
982 992 1281 1066 aequalium
1327 991 1513 1048 Lucilii
1557 993 1742 1063 iocoS,
1787 1008 1926 1065 quos
1971 990 2125 1048 affert
2169 993 2442 1048 volumine
2485 991 2611 1063 illo,
2661 1008 2722 1045 cx
2766 991 2917 1045 huius

649 1079 818 1151 ipsius
864 1077 1082 1150 scriptis
1124 1077 1327 1150 petisse
1357 1076 1721 1131 existimarim.
1795 1075 2021 1134 alterum
2053 1077 2291 1131 eiusdem
2336 1075 2568 1132 Africani
2614 1077 2662 1131 iu
2691 1075 2919 1130 Asellum

648 1162 850 1217 dictum
897 1169 1159 1216 memorat
1201 1158 1411 1215 'Pullius
1457 1176 1672 1234 paragr.
1720 1159 1842 1217 258
1888 1158 2008 1216 libri
2053 1177 2214 1233 quem
2258 1160 2435 1216 attuli.
2494 1191 2577 1201 —
2629 1160 2721 1216 alia
2767 1175 2920 1233 quae-

651 1244 770 1300 dam
816 1245 885 1300 de
929 1245 1032 1300 hoc
1075 1245 1294 1301 homine
1340 1246 1545 1300 notavit
1591 1243 1861 1299 Heusdius
1905 1263 2001 1318 pg.
2051 1244 2361 1301 223--25.

824 1329 921 1384 11.
997 1330 1061 1385 L.
1112 1329 1306 1401 Cotta,
1360 1346 1423 1385 ex
1469 1335 1633 1401 gente
1678 1329 1893 1384 Aurelia
1937 1331 2029 1402 qui
2078 1329 2326 1387 tribunus
2372 1329 2519 1403 plebi
2566 1329 2664 1384 fuit
2702 1346 2749 1384 a.
2785 1329 2915 1399 600,

652 1413 843 1469 consul
890 1413 1030 1469 610.
1106 1415 1147 1469 is
1193 1415 1332 1470 enim
1378 1414 1660 1470 tribunicia
1704 1421 1974 1487 potestate
2018 1422 2244 1470 conatus
2275 1423 2359 1470 est
2390 1414 2538 1470 abuti
2581 1414 2643 1469 ad
2675 1413 2920 1468 frustran-

653 1498 752 1554 dos
798 1498 1128 1565 creditores3
1185 1514 1362 1572 neque
1405 1497 1468 1554 ab
1513 1513 1579 1553 eo
1624 1499 1841 1572 incepto
1886 1500 1990 1554 nisi
2044 1499 2376 1572 collegarum
2425 1499 2579 1554 minis
2623 1498 2914 1554 deterritus

651 1582 822 1638 refert
867 1599 980 1638 rem
1027 1583 1266 1638 Valerius
1311 1583 1565 1638 Maximus
1610 1581 1699 1655 Vl,
1730 1583 1791 1657 5,
1822 1582 1889 1646 4;
1938 1585 2029 1656 qui
2073 1583 2144 1639 ib.
2179 1583 2240 1656 4,
2273 1583 2308 1638 2
2356 1574 2567 1639 Cottam
2612 1582 2677 1638 ob
2718 1582 2921 1639 insatia-

652 1667 814 1723 bilem
859 1669 1130 1723 avaritiam
1176 1684 1205 1722 a
1250 1666 1502 1741 Scipione
1556 1668 1609 1722 in
1655 1675 1846 1722 senatu
1901 1668 2246 1742 perstrictum
2302 1668 2490 1724 refert.
2583 1674 2919 1723 veteratorem

658 1751 896 1808 habitum
942 1752 1110 1808 refert
1155 1751 1363 1808 Tullius
1421 1752 1569 1808 Brut.
1621 1752 1722 1823 18,
1768 1751 1868 1808 81.
1926 1783 2009 1792 —-
2040 1744 2305 1809 ‘ceterum
2364 1752 2435 1808 cf.
2485 1752 2768 1809 Heusdiani
2811 1750 2920 1806 libri

658 1854 748 1910 pg.
799 1836 944 1908 222,
976 1837 1033 1893 3.
1100 1868 1159 1876 -—-
1212 1836 1413 1894 Crassi
1452 1868 1536 1876 ·——
1576 1838 1887 1908 panaetki3
1944 1837 2010 1892 de
2055 1837 2160 1892 hoc
2204 1837 2337 1895 nihil
2382 1845 2628 1912 constat3
2674 1844 2797 1891 sunt
2838 1836 2920 1907 qui

655 1922 713 1976 L.
761 1920 971 1976 Cottam
1018 1920 1287 1976 tribunum
1334 1920 1477 1995 plebi
1522 1938 1568 1975 a.
1619 1919 1741 1978 659
1790 1921 1956 1976 fuisse
2000 1921 2243 1994 credant,
2295 1939 2472 1995 neque
2517 1923 2789 1996 proprium
2832 1935 2917 1974 no-

656 2022 778 2060 men
822 2003 995 2060 Crassi
1039 2005 1135 2061 sed
1179 2005 1496 2061 adiectivum
1542 2006 1854 2061 existiment
1897 2013 2060 2079 atque
2103 2006 2236 2061 adeo
2282 2024 2377 2079 per
2407 2008 2631 2062 ironiam
2674 2004 2920 2061 adiectum

656 2088 787 2144 illud
829 2091 1132 2162 panaetln',
1179 2088 1326 2163 quod
1357 2092 1403 2146 si
1433 2098 1580 2146 recte
1612 2089 1772 2145 habet
1802 2089 1962 2146 debet
1992 2107 2112 2146 esse
2143 2093 2442 2163 splendidi,
2490 2092 2761 2148 liberalis.
2831 2089 2920 2144 suit

656 2190 779 2228 cum
824 2174 1118 2248 cogitarem
1148 2174 1519 2247 reponendum
1549 2176 1820 2249 Panaeti,
1858 2183 1913 2231 et
1943 2176 2141 2249 scripta
2173 2176 2303 2231 haec
2331 2176 2395 2230 ad
2426 2175 2762 2231 Paenaetium
2791 2174 2920 2228 Stoi-

657 2275 801 2330 cum,
846 2259 1073 2314 amicum
1117 2258 1173 2315 P.
1222 2258 1507 2333 ScipioniS,
1553 2259 1715 2316 modo
1759 2260 1916 2316 aliter
1959 2267 2233 2315 constaret
2275 2260 2343 2316 dc
2387 2260 2708 2316 carminibus
2750 2252 2918 2313 Lucilii

657 2340 721 2397 ad
768 2342 1000 2398 Graecos
1045 2342 1200 2399 datis.
1247 2374 1329 2386 --
1374 2343 1597 2417 maynu’
1640 2344 1758 2416 fuit
1789 2347 1968 2408 trico;
2010 2346 2085 2400 ita
2130 2346 2348 2400 omnino
2380 2343 2718 2400 scribendum
2762 2342 2921 2399 iudice

659 2428 981 2501 eurythmia,
1027 2427 1192 2483 altera
1236 2428 1397 2484 lectio
1444 2428 1782 2485 librariorum
1815 2429 1996 2484 evenit
2024 2428 2269 2499 arbitrio,
2316 2429 2513 2504 quibus
2556 2430 2644 2485 hic
2688 2437 2745 2484 ut
2777 2426 2919 2483 toties

659 2511 782 2568 alibi
826 2510 1098 2586 displicuit
1151 2512 1352 2570 abiecta
1409 2514 1461 2570 in
1519 2512 1624 2569 fine
1669 2529 1717 2570 s.
1755 2545 1821 2553 —
1860 2517 2082 2572 solvere
2125 2517 2272 2571 nulli
2311 2516 2532 2578 lentus,·
2591 2513 2769 2570 falsam
2816 2525 2922 2568 esse

659 2595 817 2653 Nonii
858 2597 1263 2670 explicationem
1311 2596 1479 2671 probe
1523 2599 1799 2672 perspexit
1843 2598 2113 2673 Scaliger,
2170 2616 2490 2673 quamquam
2543 2615 2642 2655 nec
2683 2600 2795 2673 ipse
2836 2612 2924 2652 nec

659 2683 825 2737 ceteri
854 2689 1001 2737 recte
1032 2682 1345 2755 expedivcre
1380 2682 1556 2738 verba.
1634 2691 1719 2739 est
1748 2693 1927 2739 autem
1955 2687 2147 2741 lentus
2176 2684 2316 2740 idem
2347 2701 2408 2740 ac
2445 2688 2748 2756 pertinax,
2791 2678 2921 2755 quod

660 2773 715 2822 et
758 2768 931 2840 ipsum
977 2784 1099 2822 cum
1142 2766 1408 2823 infinitivo
1450 2768 1625 2824 iunxit
1656 2767 1911 2841 Horatius
1956 2767 1993 2823 l.
2036 2768 2100 2824 lll
2142 2770 2338 2825 ludum
2369 2771 2699 2827 insolentem
2739 2768 2922 2825 ludere

657 2855 957 2923 pertinax.

836 2953 933 3008 12.
1011 2953 1076 3021 Q.
1128 2953 1401 3026 OpimiuS,
1445 2954 1639 3011 consul
1682 2972 1729 3010 a.
1765 2971 1818 3010 u.
1853 2972 1900 3010 a.
1936 2954 2077 3012 600.
2149 2957 2306 3011 buius
2352 2956 2607 3012 famosam
2655 2964 2790 3013 teste
2829 2954 2922 3007 Lu·

663 3035 786 3092 cilio
833 3036 1250 3092 adulescentiam
1295 3038 1470 3094 facete
1513 3039 1895 3112 perstrinxisse
1927 3039 2157 3113 Egilium
2203 3040 2468 3113 quendam
2513 3041 2683 3097 refert
2710 3043 2763 3097 in
2792 3038 2923 3095 libris

663 3120 731 3176 de
776 3130 913 3177 orat.
975 3115 1067 3197 [ll,
1113 3121 1212 3187 68,
1261 3117 1413 3199 277]
1460 3123 1687 3179 Tullius,
1788 3141 1908 3179 nam
1963 3141 2083 3180 cum
2144 3126 2385 3199 Opimius
2444 3125 2594 3180 illum
2650 3128 2743 3200 qui
2793 3122 2922 3178 vide-

663 3213 817 3263 retur
861 3206 955 3263 sed
1003 3206 1137 3262 falso
1185 3206 1489 3263 molliculus
1523 3209 1920 3283 interrogasset
1964 3208 2116 3282 ‘quid
2149 3218 2229 3281 tu,
2277 3208 2443 3282 Egilia
2489 3212 2643 3266 mea?
2730 3205 2924 3283 quando

664 3290 729 3345 ad
785 3308 870 3346 me
915 3292 1095 3348 venies
1149 3309 1271 3350 cum
1317 3301 1406 3348 tua
1450 3292 1576 3348 colu
1620 3301 1677 3349 et
1719 3292 1893 3349 lana‘l'
1951 3293 2237 3367 respondit
2289 3293 2381 3350 ille
2436 3291 2570 3351 ‘nou
2616 3296 2711 3368 pol
2752 3292 2921 3350 audeo.

665 3392 785 3430 nam
833 3392 916 3431 me
957 3376 1022 3431 ad
1065 3376 1298 3433 famosas
1339 3378 1510 3432 vetuit
1549 3385 1721 3433 mater
1761 3377 2059 3434 accedere.’
2109 3409 2186 3421 —-
2233 3380 2550 3454 Iuyurtini5
2593 3378 2653 3435 L.
2687 3379 2926 3454 Opimium

662 3459 942 3516 consulem
985 3478 1032 3517 a.
1066 3461 1188 3518 633
1234 3462 1387 3534 dicit,
1428 3463 1521 3535 qui
1564 3463 1814 3536 princeps
1859 3462 1964 3518 fuit
2007 3463 2294 3538 legationis
2325 3480 2354 3518 a
2382 3472 2576 3519 senatu
2608 3466 2815 3534 missae,
2851 3458 2926 3515 cui

668 3545 968 3618 Hiempsale
1010 3546 1300 3603 interfecto
1345 3563 1574 3620 regnum
1618 3545 1898 3603 Numidiae
1954 3547 2056 3603 fuit
2098 3547 2437 3603 dividendum
2492 3549 2636 3604 inter
2682 3544 2926 3605 Adherba-

665 3629 770 3684 lem
816 3637 871 3683 et
914 3629 1245 3702 lugurtbam.
1320 3630 1392 3687 ibi
1436 3647 1559 3687 cum
1603 3633 2028 3688 incontinentius
2073 3649 2131 3687 se
2176 3633 2412 3706 gessisse
2457 3631 2620 3690 docet
2665 3630 2924 3690 Sallustius

665 3713 783 3786 lug.
836 3712 910 3767 16
958 3715 1121 3770 homo
1166 3718 1367 3772 clarus
1411 3723 1465 3772 et
1508 3720 1567 3771 in
1610 3724 1817 3774 senatu
1856 3724 2096 3790 potens,
2142 3721 2278 3791 quia
2325 3719 2527 3775 consul
2575 3719 2635 3775 G.
2685 3714 2926 3776 Graccho

666 3804 721 3854 et
753 3796 831 3852 M.
865 3797 1065 3853 Fulvio
1110 3798 1331 3858 Flacco
1361 3801 1686 3875 interfectis
1729 3817 2032 3858 acerrume
2062 3806 2356 3859 victoriam
2387 3803 2701 3861 nobilitatis
2730 3807 2784 3860 in
2821 3800 2925 3871 ple·

667 3884 787 3940 bcm
833 3890 1206 3939 exercuerat.
1249 3900 1409 3942 ‚eum
1441 3885 1726 3960 Idyia-tha
1757 3891 1985 3943 tametsi
2012 3889 2232 3944 Romae
2276 3890 2335 3943 in
2367 3889 2612 3943 inimicis
2644 3887 2924 3948 habuerat,

669 3976 857 4025 tamen
902 3972 1338 4025 accuratissime
1382 3977 1628 4043 recepit,
1689 3973 1879 4028 dando
1936 3978 1990 4028 et
2030 3973 2403 4044 pollicitando
2457 3975 2637 4029 multa
2679 3970 2925 4045 perfecit,

667 4056 751 4110 uti
787 4055 1010 4126 famae,
1053 4055 1189 4126 fide,
1231 4059 1518 4125 postremo
1563 4058 1820 4113 omnibus
1863 4059 1982 4112 sais
2012 4058 2185 4113 rebus
2213 4058 2562 4113 commodum
2594 4062 2745 4131 reyis
2786 4058 2924 4112 antc-

663 4140 872 4211 ferret.
949 4139 1092 4195 unde
1133 4138 1273 4194 idem
1306 4155 1351 4193 a.
1385 4137 1505 4195 645
1551 4139 1674 4213 lege
1719 4141 1942 4197 Mamilia
1988 4141 2269 4197 damnatus
2315 4149 2369 4196 ct
2413 4142 2466 4196 in
2513 4141 2732 4197 exilium
2773 4147 2921 4197 actus.

669 4252 753 4263 —-
791 4224 1085 4295 formosus
1129 4225 1180 4279 h.
1213 4224 1250 4280 l.
1299 4240 1487 4279 omnes
1532 4222 1684 4293 libri;
1730 4225 1892 4299 idque
1938 4233 2084 4283 recte
2129 4233 2355 4299 propter
2384 4242 2620 4299 sequens
2660 4228 2922 4299 famosus:

670 4307 817 4381 quod
861 4317 1046 4365 contra
1091 4309 1312 4383 reliquis
1358 4310 1410 4363 in
1456 4308 1590 4364 locis
1634 4310 1764 4382 ipsis
1797 4306 2023 4366 ducibus
2070 4310 2390 4366 membranis
2436 4312 2769 4367 restituimus
2810 4299 2922 4364 illud

413 4849 1082 5031 ”“ὲ
