3267 5075
667 330 798 395 292
1347 326 1802 385 TESTIMONIA
1837 328 1934 384 DE
1973 326 2277 384 LUCILIO.

660 501 868 571 primis
920 497 1293 571 Polyphemu’
1350 498 1626 554 ducentos
1685 494 1929 568 Cyclops
1982 494 2171 569 lonqu’
2220 495 2405 568 pedes
2414 517 2432 558 ,·
2497 510 2600 550 nec
2648 510 2772 550 raro
2816 494 2947 569 apud

667 583 818 639 alios.
905 599 1025 638 nam
1082 589 1142 638 ut
1197 598 1381 639 revera
1437 583 1558 655 quis
1623 579 1708 636 bis
1761 587 2025 636 centenos
2077 596 2266 636 versus
2321 577 2543 635 Latinos
2606 594 2707 654 per
2771 579 2947 635 horam

668 674 914 744 promat,
969 666 1166 723 nedum
1212 668 1257 722 is
1306 667 1398 740 qui
1442 673 1553 722 stet
1594 666 1648 721 in
1695 681 1803 722 uno
1848 664 1985 739 pede
2028 664 2277 738 equidem
2322 661 2437 720 fieri
2477 680 2642 738 posse
2693 679 2949 738 pernego.

668 759 908 808 ceterum
953 752 1162 809 minore
1193 749 1493 825 hyperbole
1539 749 1640 822 10,
1673 750 1753 807 57
1783 766 1904 823 sqq.
1951 748 2150 806 dicitur
2178 747 2416 805 Lucilius
2461 748 2705 805 ducenos
2752 756 2807 804 et
2835 756 2952 805 ante

666 852 852 895 cenam
899 843 955 893 et
998 845 1125 910 post
1168 851 1495 910 componere
1540 851 1727 891 versus
1784 833 1998 890 solituS.
2045 864 2129 875 —
2175 851 2304 890 cum
2353 835 2566 907 flueret
2617 835 2952 904 lutulentus,

668 929 798 978 erat
842 923 994 996 quod
1036 922 1236 978 tollere
1280 922 1455 977 velles
1465 944 1484 985 ‚-
1529 920 1661 976 haec
1704 918 1863 975 verba
1905 920 2083 974 miuus
2127 926 2277 976 recte
2321 919 2714 991 interpretatur
2748 915 2955 985 Quinti·

667 1007 841 1063 lianus
888 1006 952 1078 X,
1002 1006 1058 1079 1,
1107 1004 1186 1062 94
1253 1006 1407 1078 quasi
1461 1004 1660 1060 dixerit
1714 1003 1968 1060 Horatius
2028 1010 2206 1060 totum
2264 1018 2383 1059 esse
2438 1001 2704 1058 Lucilium
2759 1001 2956 1076 aliquid

669 1091 814 1164 quod
861 1090 1055 1146 tollere
1101 1089 1297 1164 possis.
1385 1090 1547 1145 immo
1603 1088 1733 1162 quid
1774 1082 1890 1144 ‘sibi
1945 1087 2108 1144 vellet
2151 1087 2405 1144 Horatius
2450 1088 2566 1159 ipse
2624 1088 2956 1160 apertissime

666 1176 931 1250 expressit
981 1182 1035 1231 et
1092 1174 1187 1230 illo
1230 1173 1354 1230 loco
1398 1204 1482 1215 —
1527 1173 1690 1229 modo
1746 1172 2116 1246 praecedentia
2173 1172 2426 1245 respicias
2469 1202 2554 1212 —
2599 1179 2655 1228 et
2698 1179 2804 1228 sat.
2862 1172 2954 1243 10,

667 1259 761 1315 ubi
808 1267 986 1316 tamen
1030 1258 1339 1315 iracundius
1380 1257 1653 1332 loquitur:
1700 1265 1761 1314 at
1804 1259 1934 1314 dixi
1971 1259 2160 1331 fluere
2186 1258 2344 1313 hunc
2372 1258 2735 1328 lutulentum,
2783 1254 2957 1328 saepe

659 1344 949 1417 ferentem
989 1346 1169 1417 plura
1213 1345 1439 1417 quidem
1483 1343 1733 1400 tollenda
1780 1343 2191 1416 relinquendis.
2236 1371 2318 1382 -—
2365 1340 2464 1413 12.
2529 1343 2846 1415 qarrulus3
2886 1343 2955 1396 ita

664 1447 711 1485 s.
748 1428 829 1487 10
871 1435 958 1486 est
1002 1429 1279 1486 brevitate
1324 1443 1486 1501 opus,
1533 1434 1595 1484 ut
1641 1433 1849 1484 currat
1878 1430 2160 1484 sententia
2204 1443 2318 1483 neu
2362 1442 2424 1483 se
2467 1426 2730 1498 inpediat
2774 1426 2958 1484 verbis

663 1517 858 1572 lassas
901 1514 1274 1572 onerantibus
1317 1528 1495 1569 aures
1504 1537 1523 1578 ‚-
1567 1518 1622 1568 et
1666 1511 1864 1568 ibidem
1907 1515 1960 1568 si
1993 1511 2153 1584 foret
2195 1511 2306 1569 hoc
2335 1516 2595 1569 nostrum
2632 1511 2770 1584 fato
2814 1512 2954 1567 dila-

667 1607 757 1656 tus
801 1603 859 1656 in
906 1614 1108 1656 aevum
1152 1599 1450 1671 detereret·
1481 1599 1590 1654 sibi
1629 1599 1807 1654 multa
1853 1597 2140 1653 recideret
2185 1612 2378 1667 omne,
2425 1597 2578 1670 quod
2618 1598 2782 1653 ultra
2821 1612 2953 1668 per-

658 1685 881 1758 fectum
925 1683 1279 1741 traheretur.
1355 1689 1409 1738 et
1455 1681 1585 1737 haec
1628 1680 1846 1755 quidem
1892 1682 2022 1755 quin
2064 1697 2165 1738 suo
2200 1683 2317 1737 iure
2362 1679 2706 1755 exprobrarit
2735 1678 2954 1737 Flaccus

663 1786 773 1826 non
818 1777 903 1825 est
947 1767 1186 1824 dubium.
1275 1783 1452 1840 neque
1495 1767 1638 1822 enim
1680 1768 1851 1840 parcit
1906 1764 2080 1822 verbis
2126 1783 2229 1823 nec
2270 1764 2519 1821 brevitati
2569 1765 2761 1822 studet
2805 1764 2953 1821 Luci·

662 1854 788 1924 lius,
835 1855 1025 1927 partim
1057 1854 1379 1909 necessitate
1423 1852 1583 1906 metri
1626 1851 1847 1922 ductuS‚
1890 1852 2085 1924 partim
2133 1858 2192 1907 ut
2222 1849 2519 1924 quotidiani
2552 1857 2804 1924 captator
2847 1867 2955 1906 ser·

664 1939 840 1994 monis
894 1939 1110 1994 nimius.
1210 1952 1389 2010 neque
1444 1935 1582 1992 idem
1641 1935 1897 1991 iterandis
1952 1934 2229 1992 breviculo
2284 1933 2568 1991 intervallo
2631 1933 2811 1991 verbis
2866 1943 2954 1991 aut

664 2023 1003 2096 frequentius
1049 2020 1366 2078 adhibendis
1410 2018 1735 2077 dictionibus
1782 2036 1914 2093 quas
1957 2036 2146 2076 versus
2201 2018 2448 2093 explendi
2493 2018 2822 2076 desiderium
2866 2035 2954 2093 pe-

663 2109 805 2182 perit
858 2106 1015 2163 nimis
1071 2108 1277 2162 anxius.
1367 2122 1429 2161 ea
1484 2104 1773 2180 aliquando
1830 2112 1981 2179 grata
2034 2105 2128 2161 sed
2175 2105 2386 2178 saepius
2438 2105 2736 2177 inportuna
2778 2105 2954 2160 existit

662 2191 1026 2266 neglegentia.
1074 2219 1153 2231 —-
1205 2189 1301 2247 17.
1339 2190 1435 2247 18.
1501 2191 1561 2246 di
1602 2191 1743 2246 bene
1781 2189 2078 2262 fecerunt,
2123 2191 2311 2262 inopis
2338 2205 2427 2246 me
2456 2190 2722 2263 quodque
2757 2191 2955 2261 pusilii

661 2272 967 2350 finxerunt
1010 2278 1213 2344 animi,
1269 2292 1411 2331 raro
1456 2281 1510 2331 et
1554 2291 1868 2347 perpauca
1909 2276 2212 2349 loquentis.
2300 2290 2428 2329 saue
2472 2272 2679 2329 Horatii
2724 2272 2795 2347 11,
2852 2272 2950 2329 Lu·

663 2361 770 2418 cilii
813 2360 947 2417 XXX
990 2366 1293 2416 saturarum
1337 2367 1467 2415 suut
1509 2359 1798 2416 volumina.
1842 2388 1926 2402 -——
1973 2358 2072 2416 39.
2132 2362 2384 2431 primum
2428 2374 2531 2434 eqo
2575 2375 2664 2415 me
2708 2361 2948 2428 illorum,

657 2431 916 2503 dederim
973 2445 1178 2520 quibus
1234 2460 1359 2502 esse
1407 2448 1625 2517 poetis,
1683 2460 2004 2516 excerpam
2059 2460 2327 2501 numero.-
2380 2458 2570 2517 neque
2625 2447 2776 2500 enim
2821 2461 2946 2500 con-

666 2532 902 2589 cludere
946 2547 1172 2589 versum
1219 2531 1443 2588 dixeris
1486 2546 1613 2587 esse
1657 2532 1832 2595 satis,·
1873 2546 2076 2604 neque,
2123 2531 2276 2605 siqui
2301 2530 2523 2604 scribat
2565 2531 2652 2586 uti
2678 2545 2788 2588 nos
2830 2544 2948 2586 ser-

663 2620 817 2675 moni
852 2619 1169 2689 propiora,
1218 2617 1391 2688 putes
1439 2616 1596 2672 hunc
1642 2630 1769 2672 esse
1804 2623 2038 2686 poetam
2048 2640 2068 2679 ;
2127 2631 2248 2671 cum
2301 2615 2604 2671 communis
2655 2615 2801 2671 vitae
2842 2630 2949 2669 ser·

665 2718 879 2758 monem
924 2701 1121 2758 referat
1167 2699 1399 2757 Lucilius
1447 2706 1669 2774 apparet
1711 2699 1879 2757 furcis
1924 2699 2162 2756 eicienda
2209 2707 2268 2755 ut
2311 2705 2441 2773 puta
2483 2698 2573 2754 illa
2618 2703 2716 2773 im,
2765 2700 2947 2757 hemo-
3032 2749 3045 2764 ,

664 2790 774 2858 ni8,
808 2785 921 2856 olli,
957 2785 1132 2859 qualia
1163 2785 1231 2841 de
1262 2785 1571 2841 coniectura
1602 2786 1653 2864 ei
1676 2785 1913 2840 tribuere
1944 2783 2110 2841 docti.
2170 2783 2446 2840 fatendum
2478 2791 2655 2840 tamen
2684 2783 2829 2859 apud
2849 2783 2946 2839 Lu·

664 2871 846 2928 cilium
892 2869 1032 2926 haud
1064 2886 1229 2943 pauca
1274 2886 1396 2926 esse
1439 2870 1656 2926 maioris
1701 2870 1947 2943 spirituS,
1991 2885 2092 2925 nec
2119 2885 2241 2925 raro
2286 2884 2409 2924 eum
2452 2869 2742 2944 insurgere
2770 2869 2948 2940 altius,

663 2955 792 3012 licet
837 2954 1043 3011 Marcus
1089 2954 1255 3011 Varro
1301 2955 1446 3011 huuc
1488 2953 1806 3029 gracilitatis
1851 2954 2153 3028 exemplum
2197 2954 2462 3027 posuerit.
2550 2969 2712 3010 causa
2755 2971 2821 3010 ex
2864 2969 2947 3025 eo,

666 3038 812 3114 quod
853 3047 1070 3113 praeter
1114 3055 1292 3096 mores
1323 3039 1680 3114 corrigendos
1726 3046 1782 3095 et
1811 3038 2075 3113 carpenda
2117 3040 2242 3095 vitia
2286 3038 2543 3111 plurimas
2573 3040 2659 3094 sui
2690 3039 2947 3113 temporis

663 3123 1028 3181 Romanorum
1073 3140 1182 3192 res,
1226 3140 1347 3180 cum
1392 3122 1639 3197 publicas
1666 3130 1780 3179 tum
1811 3124 2063 3197 privataS‚
2107 3124 2343 3197 propriis
2371 3131 2693 3197 persecutus
2724 3134 2814 3180 est
2841 3141 2964 3180 car··

664 3209 913 3266 minibus.
1004 3208 1147 3265 unde
1201 3225 1313 3265 non
1368 3209 1562 3264 mirum
1617 3207 1876 3283 quaedam
1921 3208 2060 3282 apud
2117 3223 2239 3264 eum
2282 3209 2535 3282 reperiri,
2596 3224 2738 3283 quae
2780 3208 2944 3264 Ennio

666 3310 824 3368 quam
869 3293 1074 3350 Lucilio
1121 3293 1369 3368 digniora
1398 3310 1518 3364 esse
1548 3293 1848 3350 videantur.
1893 3323 1977 3334 —
2021 3291 2122 3350 45.
2187 3294 2407 3351 idcirco
2436 3294 2687 3367 quidam,
2735 3309 2946 3352 comoe-

666 3380 762 3435 dia
807 3394 988 3436 necne
1008 3394 1233 3452 ‚poema
1280 3386 1446 3449 esset,
1493 3382 1863 3453 quaesivere,·
1906 3387 2119 3452 praeter
2148 3378 2285 3435 hanc
2314 3377 2622 3434 comoediae
2652 3386 2712 3435 et
2741 3387 2949 3436 saturae

627 3463 1071 3520 'similitudinem
1116 3463 1283 3519 altera
1328 3465 1509 3520 existit
1552 3463 1700 3537 quod
1744 3470 2037 3536 utrumque
2067 3478 2241 3537 genus
2272 3462 2519 3519 carminis
2563 3463 2630 3519 ad
2659 3463 2949 3521 deridenda

666 3556 828 3622 atque
859 3547 1183 3604 emendanda
1214 3548 1493 3605 hominum
1537 3547 1665 3604 vitia
1706 3549 1968 3621 pertinet3
2013 3548 2173 3604 tertia
2203 3547 2348 3622 quod
2379 3547 2640 3621 pleraque
2671 3549 2817 3624 apud
2848 3548 2948 3605 Ho-

665 3633 858 3688 ratium
904 3640 959 3688 et
988 3634 1158 3707 magis
1189 3634 1348 3688 etiam
1381 3633 1520 3707 apud
1549 3632 1816 3689 Lucilium
1859 3631 2107 3689 diverbiis
2136 3632 2290 3689 fuere
2318 3632 2635 3706 composita.
2681 3664 2768 3675 —
2811 3643 2948 3692 cete·

664 3733 785 3772 rum
831 3724 892 3772 ut
948 3717 1224 3774 archaeam
1276 3717 1606 3775 comoediam
1668 3716 1934 3791 Lucilius,
1990 3718 2316 3774 neotericam
2368 3715 2654 3790 Horatius,
2709 3719 2947 3790 PersiuS,

666 3800 928 3858 Iuvenalis
975 3810 1103 3858 sunt
1145 3802 1413 3859 aemulati.
1505 3818 1642 3877 quae
1687 3819 1808 3859 cum
1851 3804 1923 3858 ita
1968 3803 2105 3874 sint,
2151 3819 2260 3858 non
2306 3802 2409 3858 erit
2450 3803 2677 3877 mirum,
2731 3804 2880 3879 quod
2921 3822 2946 3859 a

669 3893 862 3961 quarto
906 3886 1033 3944 inde
1076 3887 1291 3944 saeculo
1339 3887 1639 3944 deteriores
1670 3888 2138 3962 grammaticorum
2172 3887 2368 3961 passim
2397 3885 2659 3944 Lucilium
2706 3889 2948 3946 referunt

663 3973 807 4027 inter
851 3970 1250 4045 comoediarum
1294 3973 1611 4046 scriptores
1703 3972 1974 4029 56—62.
2039 3973 2160 4045 his,
2216 3988 2318 4047 eqo
2373 3987 2522 4045 quae
2576 3991 2766 4047 nunc,
2824 3977 2945 4031 olim

665 4072 818 4131 quae
861 4060 1095 4129 scripsit
1135 4056 1410 4127 Lucilius,
1459 4060 1677 4129 eripias
1719 4061 1773 4113 si
1812 4064 2070 4130 tempora
2117 4064 2279 4115 certa
2324 4058 2650 4132 modosque,
2704 4066 2761 4117 et
2803 4060 2949 4134 quod

656 4146 831 4214 prius
876 4143 1078 4200 ordine
1122 4143 1410 4200 verbumst
1448 4146 1743 4213 posterius
1779 4142 2007 4215 facias,
2059 4156 2433 4215 praeponens
2475 4146 2672 4200 ultima
2712 4149 2945 4217 primis:

666 4244 812 4298 non,
868 4234 931 4283 ut
991 4231 1042 4284 si
1093 4229 1285 4285 solvas
1339 4225 1666 4300 ‘postquam
1710 4228 1999 4286 discordia
2044 4233 2235 4284 taetra
2282 4229 2416 4285 belli
2449 4228 2719 4301 ferratos
2754 4237 2946 4303 postes

615 4325 631 4336 ·
661 4319 979 4385 portasque
1023 4311 1322 4385 refreqit',
1378 4315 1640 4368 invenias
1692 4317 1861 4369 etiam
1905 4314 2130 4369 disiecti
2181 4313 2431 4369 membra
2478 4321 2706 4385 poetae.
2798 4313 2944 4370 Ennii
