3267 5075
772 404 1301 470 QUAESTIONUM
1337 400 1896 459 LUCILIANARUM
1931 402 2163 456 LIBER.
2393 407 2616 471 XXXV

322 594 536 635 manus
564 574 807 650 primae,
838 574 943 633 sed
971 576 1043 632 ut
1067 573 1379 649 pallidiore
1404 574 1682 632 uteretur
1706 573 2059 646 atramento,
2090 589 2163 632 ex
2189 574 2383 633 altera
2403 553 2616 634 manus

327 682 638 755 secundae,
677 700 830 757 quae
858 683 1059 740 aetate
1085 661 1206 741 non
1230 681 1491 740 multum
1518 680 1774 739 distaret
1798 699 1836 738 a
1861 681 2057 756 priore
2086 684 2148 740 et
2175 673 2416 741 difficile
2444 700 2621 757 saepe

326 789 405 847 ab
433 789 546 848 hac
572 791 778 864 posset
805 788 1075 848 discerni.
1117 787 1359 846 tertiam
1379 788 1713 845 atramento
1732 805 1919 862 paene
1937 788 2110 864 nigro
2128 807 2301 849 usam
2326 808 2401 847 ne
2427 789 2622 864 ipsam

325 896 569 971 quidem
610 895 1000 954 recentiorem
1044 912 1192 953 saec.
1234 893 1290 960 X
1329 892 1709 969 potissimum
1755 892 2054 954 addidisse
2098 894 2623 970 interpunctioneS.

326 1002 425 1060 bis
454 1006 622 1062 terve
650 1020 937 1077 apparere
973 1002 1341 1060 correcturas
1379 1018 1529 1059 saec.
1556 998 1700 1058 XIV
1726 998 1823 1059 vel
1848 999 1975 1075 XV,
2005 1001 2191 1060 semel
2225 1001 2625 1062 coniecturam

327 1108 640 1185 Scaligeri,
668 1128 850 1184 quam
867 1108 1030 1167 haud
1057 1093 1236 1166 dubie
1263 1107 1391 1182 ipse
1418 1105 1669 1166 Vossius
1695 1106 1936 1167 notarit.
1969 1139 2044 1149 —
2078 1112 2344 1167 ceterum
2364 1128 2440 1167 ne
2459 1127 2625 1168 error

320 1217 572 1289 oriatur,
613 1234 842 1290 moneo,
882 1189 1246 1290 'ubicumque
1282 1213 1344 1271 in
1372 1232 1507 1289 app.
1545 1212 1748 1272 critico
1783 1217 2149 1274 memoretur
2182 1215 2378 1292 prima
2411 1233 2623 1275 manus

320 1322 765 1399 Lugdunensis,
795 1321 1119 1398 significari
1147 1340 1279 1380 eam
1306 1338 1458 1396 quae
1485 1322 1825 1379 correctura
1850 1322 2267 1399 qualicumque
2295 1325 2511 1382 careat.

506 1428 1139 1490 Guelferbitanum
1174 1428 1411 1500 librum,
1448 1425 1553 1501 qui
1587 1425 1643 1483 X
1679 1427 1879 1503 potius
1917 1448 2096 1504 quam
2131 1429 2218 1488 XI
2255 1432 2349 1489 est
2384 1427 2622 1504 saeculi,

317 1536 599 1596 Bonnam
640 1523 1060 1596 transmissum
1100 1536 1229 1610 ipse
1271 1534 1464 1592 denuo
1508 1534 1741 1593 excussi
1776 1553 1829 1594 a.
1873 1536 2059 1595 1869.
2104 1567 2177 1577 —
2221 1538 2286 1594 et
2318 1536 2475 1595 hunc
2502 1554 2625 1594 ma-

315 1643 484 1702 xime
510 1642 732 1701 librum
766 1645 1299 1719 repraesentarunt
1334 1639 1592 1700 editione
1620 1660 1730 1700 sua
1756 1640 2134 1717 Basilienses,
2173 1663 2308 1702 cum
2335 1643 2625 1702 deberent

317 1750 526 1825 potius
555 1750 1037 1826 Lugdunensem.
1093 1751 1358 1807 ceterum
1393 1749 1463 1805 ut
1483 1748 1647 1807 *satis
1684 1752 1957 1808 accurate
1986 1747 2491 1822 GuelferbitanuS,
2520 1748 2626 1808 ali-

317 1860 554 1933 quanto
573 1857 804 1915 minore
823 1857 1136 1933 diligentia
1161 1855 1237 1914 ab
1264 1853 1384 1912 illis
1404 1854 1775 1914 conferretur
1792 1855 2229 1932 LugdunensiS,
2257 1856 2320 1914 id
2348 1875 2420 1914 ea
2445 1874 2626 1915 causa

317 1964 618 2040 provenit,
647 1964 807 2040 quod
832 1963 1093 2038 priorem
1119 1962 1389 2036 Rothius,
1418 1961 1576 2032 hunc
1603 1962 1864 2022 excussit
1889 1961 2257 2023 GerlachiuS.

509 2069 1065 2146 Bambergensis
1092 2069 1233 2128 libri
1260 2061 1439 2149 (saec.
1467 2069 1555 2127 IX
1579 2069 1680 2129 vel
1705 2069 1761 2126 X
1787 2069 2133 2130 existimant
2160 2062 2492 2151 scriptum),
2520 2071 2625 2147 qui
2650 2080 2657 2086 '

318 2181 537 2237 notam
563 2177 750 2236 habet
776 2177 855 2236 M.
883 2176 956 2236 V.
992 2179 1089 2251 18,
1120 2179 1184 2235 et
1213 2176 1720 2252 Lugdunensis
1759 2177 2054 2236 secundi
2091 2170 2170 2258 (is
2185 2192 2316 2237 'uno
2344 2178 2471 2236 fere
2500 2196 2625 2236 sae-

324 2285 468 2344 culo
498 2287 594 2343 est
619 2284 937 2360 recentior3
966 2283 1124 2342 inter
1151 2283 1379 2343 codices
1408 2286 1611 2342 autem
1637 2281 1979 2357 Vossianos,
2007 2283 2110 2359 qui
2137 2287 2281 2342 sunt
2303 2285 2368 2343 in
2394 2287 2623 2360 quarto,

318 2392 589 2450 habetur
622 2409 872 2449 numero
900 2390 1258 2449 centesimus
1296 2393 1499 2449 sextus
1537 2380 1846 2469 decimus),
1888 2390 1992 2465 qui
2028 2409 2163 2450 cum
2199 2391 2492 2467 capitibus
2529 2390 2624 2448 ΙΠ

319 2502 392 2558 et
425 2498 515 2557 IV
550 2499 834 2575 pleraque
870 2497 1157 2557 omittunt
1184 2498 1470 2574 exempla,
1513 2498 1685 2556 tanta
1719 2496 1960 2557 videtur
1995 2516 2125 2557 esse
2167 2498 2510 2573 similitudo,
2553 2500 2624 2557 ut

318 2607 682 2682 plerumque
709 2603 1175 2681 Lugdunensem
1204 2623 1275 2662 ex
1302 2603 1735 2680 Bambergensi
1770 2604 2136 2680 descriptum
2172 2624 2304 2665 esse
2341 2606 2624 2681 suspicer.

318 2716 493 2772 certe
539 2731 611 2770 ea
656 2714 753 2770 est
793 2711 1105 2787 utriusque
1150 2711 1215 2770 in
1258 2710 1609 2770 lectionibus
1652 2710 1843 2769 isdem
1882 2711 2121 2771 tuendis
2157 2713 2506 2785 constantia,
2555 2715 2627 2770 ut

320 2820 506 2878 unius
544 2818 744 2893 potius
781 2837 962 2894 quam
1003 2819 1257 2877 duorum
1298 2817 1555 2876 testium
1589 2817 1711 2876 sint
1745 2817 1952 2877 instar.
2011 2817 2472 2895 Bambergensis
2511 2819 2627 2879 col-

318 2927 617 2985 lationem
662 2925 739 2983 ab
783 2924 1024 2984 Halmio
1079 2925 1300 2983 factam
1345 2923 1743 2984 commodavit
1787 2923 2326 3010 Fleckeisenus,
2383 2924 2626 3002 Lugdu-

319 3050 576 3091 nensem
604 3032 731 3106 ipse
760 3032 1006 3091 excussi.
1060 3031 1233 3089 illum
1263 3031 1544 3106 quoniam
1571 3049 1678 3106 per
1706 3031 1887 3091 breve
1918 3030 2063 3090 satis
2092 3034 2330 3107 tempus
2359 3032 2620 3105 adhibui,
2736 3074 2744 3081 -

323 3138 686 3214 plerumque
713 3139 872 3214 quod
901 3138 1083 3198 solius
1104 3137 1523 3214 Lugdunensis
1552 3136 1910 3196 testimoniis
1938 3139 2076 3197 utor
2100 3157 2222 3196 non
2249 3138 2365 3197 erit
2388 3138 2625 3196 mirum.

324 3244 655 3321 aliquando
674 3244 851 3304 unius
872 3243 1332 3321 Bambergensis
1352 3243 1689 3303 adscribere
1713 3244 1860 3303 satis
1878 3244 2063 3302 habui
2080 3244 2361 3304 lectiones
2380 3246 2628 3320 propter

325 3352 620 3412 maiorem
646 3351 825 3410 huius
854 3351 1286 3411 auctoritatem.
1337 3353 1603 3409 ceterum
1629 3350 1694 3408 in
1720 3350 2046 3409 referendis
2076 3350 2384 3425 scripturis
2412 3350 2627 3410 horum

326 3459 559 3535 pariter
594 3457 885 3517 librorum
923 3461 1102 3535 atque
1137 3457 1585 3518 Helveticorum
1621 3475 1693 3516 ea
1727 3459 1966 3516 tantum
2006 3456 2204 3515 adseri
2230 3475 2267 3514 a
2292 3477 2389 3515 me
2425 3459 2629 3516 tenen-

328 3567 491 3641 dum,
519 3584 677 3642 quae
705 3564 927 3624 diserto
955 3563 1269 3622 firmentur
1293 3564 1655 3626 testimonio.
2278 3541 2286 3546 ⁸

511 3672 810 3742 Quartum
845 3673 1083 3730 tantum
1120 3673 1301 3745 caput
1336 3669 1516 3729 Nonii
1557 3670 1723 3730 extat
1762 3670 1825 3728 in
1865 3671 1993 3729 cdd.
2035 3669 2524 3730 Bernensibus
2567 3673 2630 3730 et

332 3778 762 3840 Genevensi,
815 3777 1208 3837 Bernensium
1249 3779 1374 3836 347
1406 3779 1468 3834 et
1497 3778 1578 3836 83
1619 3770 1899 3858 (uterque
1928 3780 2022 3837 est
2048 3796 2197 3837 saec.
2226 3768 2307 3855 X)
2344 3776 2626 3837 lectiones

331 3889 527 3948 denuo
565 3885 829 3946 excussit
854 3883 1156 3960 HagenuS,
1193 3883 1296 3958 qui
1325 3883 1504 3942 simul
1539 3902 1647 3943 nos
1677 3884 1878 3944 docuit
1904 3884 2147 3943 ultimas
2184 3883 2345 3943 illius
2373 3883 2625 3960 paginas

330 3997 483 4056 miro
511 4012 659 4054 casu
687 3993 917 4053 delatas
937 3994 1208 4067 prostare
1234 3990 1299 4049 in
1324 3989 1501 4050 Bern.
1533 3992 1659 4050 357
1690 3991 1851 4049 haud
1877 3990 2084 4066 procul
2112 4008 2149 4048 a
2175 3989 2308 4048 fine.
2364 3992 2629 4050 ceterum

332 4101 684 4179 saepissime
728 4099 792 4157 in
835 4097 991 4157 libro
1035 4098 1146 4157 hoc
1190 4116 1298 4156 nec
1344 4097 1520 4179 nimis
1566 4117 1702 4157 raro
1748 4099 1812 4155 in
1857 4096 2047 4156 altero
2093 4097 2315 4156 omissa
2359 4095 2630 4171 exempla

331 4212 662 4270 auctorum.

511 4313 928 4374 Genevensem
944 4312 1353 4373 membranam
1371 4329 1524 4387 quae
1552 4330 1598 4371 s,
1625 4310 1681 4368 X
1710 4310 1930 4386 scripta
1950 4312 2234 4385 quartum
2251 4308 2631 4384 Nonii-caput

336 4422 604 4482 continet
616 4420 907 4495 Hagenus
930 4414 1136 4479 noster
1149 4417 1452 4480 Genevam
1473 4418 1773 4495 profectus
1797 4436 1933 4475 mea
1946 4435 2126 4475 causa
2147 4434 2350 4475 mense
2365 4414 2631 4491 Septem-

2134 4531 2163 4569 ο
2175 4514 2206 4547 *
