3267 5075
581 308 621 369 8
1562 300 1784 356 LIBER
1817 301 1885 354 11.

1574 463 1671 527 VI
1743 464 1787 527 4
1842 462 1876 525 f

739 558 1128 647 'iniuriahim
1170 580 1345 646 hunc
1388 580 1458 644 in
1502 465 2023 643 fauces[ii1vasse
2070 576 2478 660 animamque

625 701 710 766 10
754 700 999 764 elisisse
1045 697 1158 761 illi.

1236 914 1244 921 ,
1551 808 1680 875 VH
1728 809 1824 889 [1]
1855 829 1900 892 g

757 933 952 1014 quoni
997 928 1127 992 illic
1172 928 1486 992 vidissent
1528 921 1900 990 Hortensiu’
1945 921 2470 1005 Postumiusque,

757 1045 951 1110 ceteri
994 1045 1178 1128 item,
1221 1044 1292 1107 in
1337 1042 1564 1126 capulo
1610 1040 1783 1104 hunc
1828 1060 1962 1104 11011
2007 1059 2148 1103 esse
2195 1037 2517 1122 aliumque
2564 1035 2823 1102 cubare.
2907 1081 2920 1086 -

1442 1154 1605 1222 VIII
1651 1153 1827 1238 [IIIL
1873 1155 1941 1234 3]
1973 1175 2013 1217 a

756 1297 911 1339 nam
959 1274 1112 1358 quid
1156 1272 1444 1339 Moelzino
1492 1271 1916 1354 subrectoque
1961 1268 2114 1333 huic
2159 1265 2303 1351 opu'
2352 1267 2538 1353 signo
2553 1317 2571 1351 ,

758 1393 833 1454 ul:
874 1390 1230 1453 lurcaretur
1273 1388 1526 1453 lardum
1573 1390 1640 1452 eb
1682 1385 1976 1452 carnaria
2018 1384 2241 1448 fartim

633 1504 717 1571 15
762 1504 1146 1571 conficeret?

1547 1615 1644 1682 IX
1690 1617 1830 1699 [16]
1859 1616 1903 1681 b

761 1739 903 1801 tum
947 1735 1152 1800 farcto
1200 1735 1419 1801 omnia
1465 1736 1619 1800 sunt
1663 1734 1910 1802 circum
1948 1733 2085 1797 lata
2152 1779 2412 1801 eeeee

1568 1848 1631 1913 X
1679 1850 1820 1931 [21]
1850 1871 1885 1914 0

762 2014 1303 2038 eeeeeeeeee
1351 1964 1644 2031 lustralzu'
1689 1964 1922 2049 piatus

1081 2104 1087 2109 ·
1246 2103 1249 2110 ·
1614 2080 1710 2144 XI
1756 2081 1852 2162 [2]

764 2215 1301 2267 „umes-ce..
1345 2196 1921 2263 Hostiliu'contra

766 2314 1014 2397 pestem
1059 2312 1544 2398 permitiemque
1591 2316 1778 2380 catax
1824 2335 2018 2397 quam
2074 2315 2140 2376 et
2182 2309 2420 2375 Maniu'
2467 2309 2711 2376 nobeis.

590 2500 809 2553 duint:
839 2499 947 2566 qui
971 2498 1182 2549 utinam
1205 2503 1290 2551 est
1314 2505 1377 2550 ut
1400 2497 1627 2550 Lucili
1644 2514 1721 2549 us
1745 2498 1802 2548 in
1828 2499 2078 2553 secundo,
2157 2498 2236 2549 VI
2257 2497 2397 2548 Non.
2417 2500 2533 2563 291,
2560 2500 2625 2549 27
2644 2497 2906 2551 elidere

591 2570 756 2620 etiam
788 2566 1071 2618 excludere
1108 2566 1402 2633 significat,
1473 2567 1748 2631 Vergilius
1773 2594 1838 2603 —
1863 2568 2097 2618 Plautus
2133 2594 2200 2603 —
2233 2567 2279 2615 L
2292 2567 2505 2617 uciliu
2518 2583 2544 2618 s
2583 2572 2903 2631 satyrarum

590 2638 684 2688 lib.
700 2637 773 2686 11.
862 2635 968 2686 VII
999 2634 1141 2685 Non.
1160 2637 1210 2696 4,
1229 2636 1297 2686 20
1321 2636 1626 2700 capulum
1650 2635 1850 2685 dicitur
1876 2635 2137 2701 quidquid
2159 2633 2398 2700 aliquam
2421 2649 2534 2685 rem
2557 2634 2708 2685 intra
2730 2651 2788 2686 se
2807 2652 2904 2686 ca-

591 2705 698 2770 pit:
737 2718 862 2754 nam
886 2702 1288 2768 sarcophagum
1311 2703 1368 2753 id
1393 2708 1479 2754 est
1504 2700 1855 2769 sepulchrum
1878 2702 2130 2769 capulum
2155 2703 2262 2753 diei
2286 2709 2504 2754 veteres
2529 2701 2904 2770 volunt‚quod

594 2788 823 2837 corpora
861 2770 1059 2836 capiat.
1105 2769 1333 2821 Plautus
1363 2797 1418 2806 -
1448 2771 1589 2821 idem
1613 2791 1681 2799 —
1706 2771 1916 2822 Novius
1941 2798 2008 2806 —
2033 2770 2338 2821 Lucilius
2362 2775 2670 2833 satyrarum
2694 2771 2789 2826 lib.
2820 2772 2903 2825 11.

693 2839 831 2891 VIII
865 2838 1008 2888 Non.
1036 2840 1117 2902 10,
1139 2841 1203 2889 31
1230 2837 1538 2890 lurcones
1563 2836 1961 2903 (lurchones
1986 2836 2194 2903 Bamb.)
2217 2838 2352 2889 dieti
2373 2854 2408 2888 a
2431 2838 2759 2890 lurchando:
2785 2838 2904 2890 lur-

592 2907 752 2958 chare
787 2913 871 2958 est
895 2921 1017 2955 cum
1040 2906 1304 2957 aviditate
1340 2905 1520 2957 cibum
1555 2921 1778 2962 sumere.
1848 2906 2156 2957 Lucilius
2187 2912 2497 2970 satyrarum
2531 2905 2625 2957 lib.
2649 2908 2720 2958 ΙΙ.
2814 2908 2903 2959 IX

590 2976 728 3031 Non.
748 2976 866 3036 261,
887 2975 952 3024 26
973 2973 1403 3025 circumferre
1422 2980 1507 3026 est
1523 2975 1744 3040 proprie
1760 2973 2014 3029 lustrare.
2048 2975 2094 3024 L
2108 2973 2360 3025 ucilius
2379 2979 2689 3038 satyrarum
2707 2974 2804 3029 lib.
2826 2976 2902 3031 11.

659 3044 711 3093 Χ
735 3043 874 3093 Non.
892 3044 1009 3100 335,
1034 3044 1094 3092 12
1117 3041 1183 3093 111
1196 3046 1414 3093 strare
1434 3043 1672 3108 expiare.
1707 3041 2054 3107 Vergilius—
2071 3041 2377 3094 Lucilius
2398 3048 2706 3107 satyrarum
2725 3042 2819 3098 lib.
2840 3045 2904 3094 11

2627 3137 2658 3166 a
2684 3138 2744 3166 m.
2774 3127 2800 3164 2

598 3179 745 3244 (VB,
773 3176 946 3243 Gen.).
1015 3177 1095 3227 XI
1118 3177 1166 3228 N
1169 3194 1255 3228 on.
1275 3180 1359 3242 25,
1382 3179 1445 3230 18
1476 3182 1672 3229 cutax
1695 3178 1911 3241 dicitur,
1930 3193 2085 3244 quem
2102 3193 2249 3229 nunc
2267 3193 2526 3229 coxonem
2553 3176 2701 3243 (ccx
2715 3194 2903 3230 onem

594 3250 642 3300 L
682 3246 733 3313 1)
771 3251 987 3297 vocant.
1057 3244 1367 3296 Lucilius
1404 3252 1712 3311 satyrarum
1745 3246 1886 3297 libro
1923 3245 2066 3311 (add.
2106 3248 2152 3296 L
2193 3250 2215 3296 1
2236 3285 2249 3310 ,
2288 3261 2389 3297 om.
2426 3245 2496 3311 G)
2541 3246 2613 3298 H.
2650 3273 2716 3283 ·-
2749 3246 2903 3298 idem

593 3369 713 3432 218,
750 3368 815 3419 32
851 3366 1201 3432 permities
1241 3330 1564 3430 (permitissm'
1590 3331 1616 3370 2
1643 3368 1691 3418 L
1734 3368 1779 3429 1,
1816 3344 2078 3432 pei-nities
2112 3382 2182 3422 m.
2216 3368 2246 3415 2
2281 3364 2350 3431 G)
2388 3367 2598 3431 generis
2632 3366 2902 3418 feminini.

768 3544 804 3602 9
850 3545 1194 3609 iniuriatum3
1241 3549 1323 3602 ita
1369 3545 1463 3616 B,·
1490 3545 1556 3616 G,
1603 3545 1652 3601 L
1686 3545 1740 3600 1.
1898 3543 1977 3603 10
2021 3545 2182 3601 elisse
2226 3546 2297 3602 B.
2452 3546 2526 3602 11
2577 3563 2743 3620 quom
2785 3545 2900 3603 illic

596 3630 677 3701 M,
727 3645 887 3703 quem
933 3629 1012 3686 illi
1045 3646 1165 3687 cum
1213 3629 1497 3704 (sequitur
1525 3625 1583 3709 u)
1633 3631 1697 3700 G,
1733 3629 1958 3699 Bamb.,
1993 3632 2041 3687 L
2073 3633 2132 3703 1,
2176 3631 2224 3687 L
2256 3629 2323 3705 23
2374 3632 2422 3689 G
2469 3647 2630 3704 quem
2661 3632 2901 3688 exhibet

596 3733 670 3771 m.
723 3715 750 3770 1
804 3715 1058 3771 additum
1105 3719 1240 3772 ante
1281 3715 1361 3771 illi
1405 3719 1464 3772 in
1510 3716 1789 3789 margine.
1969 3715 2045 3773 13
2092 3714 2460 3791 subrectoque
2501 3716 2574 3785 D,
2622 3714 2898 3772 subiecto-

598 3815 705 3873 que
746 3798 896 3855 libri.
1072 3798 1151 3855 14
1198 3800 1500 3856 lux-caretur
1546 3819 1617 3871 v.,
1666 3798 2008 3874 lurcharetur
2053 3802 2178 3858 cdd.
2224 3830 2309 3840 -
2349 3809 2482 3873 post
2511 3799 2691 3856 fartim
2722 3799 2903 3874 (quod

595 3902 667 3940 m.
718 3882 754 3938 2
799 3897 984 3956 supra
1031 3900 1146 3942 scr.
1194 3888 1255 3941 in
1298 3885 1346 3941 L
1393 3881 1457 3959 1)
1502 3887 1634 3943 add.
1681 3901 1871 3959 parum
1918 3886 1981 3957 G,
2030 3885 2078 3941 L
2111 3885 2177 3955 13
2223 3903 2328 3941 om.
2374 3885 2653 3957 Montep.,
2685 3886 2893 3942 Bamb.

595 3969 644 4025 L
675 3967 732 4023 2.
939 3968 1016 4025 16
1063 3970 1234 4026 sarcto
1279 3970 1345 4026 M
1361 3988 1375 4033 ;
1423 3970 1563 4027 sarto
1608 3970 1764 4040 Iun„
1813 3968 1954 4026 sacto
2003 3971 2066 4040 G,
2114 3970 2162 4026 L
2195 3969 2253 4042 1,
2299 3969 2438 4027 sacta
2483 3971 2646 4042 Gen„
2692 3970 2763 4026 B.
2816 4000 2893 4012 —

489 4059 495 4065 '
595 4070 714 4109 sum
760 4054 834 4110 B.
880 4081 965 4094 --
1008 4055 1322 4111 circumlata
1367 4055 1590 4126 IuniuS,
1638 4056 1840 4112 circum
1885 4055 2025 4111 latus
2069 4056 2219 4112 libri.
2377 4049 2453 4113 18
2497 4055 2782 4125 Hostilius=
2805 4058 2898 4113 ed.

595 4140 738 4196 Luc.
794 4139 1007 4209 Turio„
1057 4139 1346 4197 hostilibus
1392 4142 1518 4197 cdd.
1653 4139 1729 4196 19
1775 4141 2186 4215 permitiemque
2230 4146 2474 4215 utroque
2515 4143 2555 4198 l.
2587 4140 2635 4196 L
2669 4140 2726 4213 1,
2771 4157 2897 4214 per-

598 4224 917 4298 miciemque
969 4229 1172 4297 priore
1219 4227 1294 4296 G,
1353 4233 1464 4283 cet.
1510 4227 1619 4282 vid.
1681 4234 1975 4282 comment.
2021 4254 2106 4265 -ω
2149 4225 2350 4282 Manius
2396 4226 2462 4282 M
2499 4225 2614 4296 40,
2666 4224 2896 4281 Manlius

599 4327 651 4366 v.
704 4339 774 4349 —
828 4308 949 4367 218
996 4311 1188 4366 novius
1235 4311 1303 4384 G,
1349 4327 1523 4367 novus
1566 4311 1614 4367 L
1651 4310 1706 4382 1,
1751 4308 1906 4367 nobis
1951 4313 2079 4368 cdd.
2128 4309 2227 4368 25.
