3267 5075
654 405 891 462 INDEX
927 404 1183 458 RERUM
1221 401 1694 457 NOTABILIUM
1731 371 1809 456 m
1848 399 2417 456 COMMENTARIIS.
2557 398 2683 484 36⁴7

385 568 580 618 breves
616 565 809 620 finales
845 582 955 633 seq.
990 565 1200 616 duabus
1247 566 1507 616 consonis
1561 564 1716 615 deum
1751 563 2038 630 monosyll,
2074 565 2190 614 262.

451 651 563 685 non
598 635 890 706 productae
924 649 958 684 a
992 634 1127 684 Luc.
1162 635 1277 684 222.
1560 632 1904 684 Dicarchites
1940 647 2038 697 pro
2074 630 2491 682 Dicaearchites
2526 632 2642 680 203.

385 704 622 758 broncug
658 706 775 754 203.
1560 700 1739 753 dictus
1775 717 1873 766 pro
1910 700 2116 765 digitus
2150 702 2267 750 240.

1560 769 1804 820 discribo
1840 772 1957 821 230.

381 853 410 887 0
445 854 544 903 pro
579 854 618 906 g
651 841 778 903 2153
814 827 940 901 25οξ
977 838 1105 898 254;
1142 839 1243 889 ‘286
1277 834 1353 887 az.
1391 841 1395 852 ·
1561 835 1771 888 diutius
1806 839 1925 889 253.

380 905 654 962 Caecilius
688 905 980 972 caprarius
1015 907 1143 968 2233
1180 907 1299 955 297.
1560 904 1785 955 domitio
1820 907 1937 956 248.

378 972 648 1028 Caecilius
682 990 781 1026 em.
820 977 947 1039 2113
984 976 1108 1036 25ος
1144 974 1264 1025 287.
1512 1031 1517 1035 ἡ
1560 972 1780 1023 ducenti
1813 988 1912 1038 pro
1949 970 2227 1037 permultis
2261 974 2388 1035 2373
2425 974 2543 1025 291.

381 1042 545 1096 caedo
581 1044 708 1106 2183
745 1045 862 1094 270.
1558 1039 1751 1091 ducere
1788 1036 2002 1107 nef-1263.

379 1106 796 1173 Caelius,*latro
829 1109 920 1160 vel
955 1108 1108 1175 pugil
1143 1111 1261 1160 272.
1416 1109 1421 1114 ’

319 1203 343 1223 .
381 1192 611 1232 caenum
645 1181 762 1229 223.
1559 1204 1624 1213 -
1650 1192 1680 1226 e
1703 1177 1762 1226 in
1785 1177 1894 1231 dat.
1922 1181 2043 1227 tert.
2073 1179 2197 1240 195;
2234 1179 2374 1239 2063.
2398 1179 2521 1238 21ος
2550 1178 2679 1237 211;

379 1245 652 1296 calantica
685 1247 812 1308 250,
847 1247 962 1296 251.
1626 1246 1759 1307 2193
1799 1248 1925 1306 22ος
1961 1242 2036 1296 al.

378 1311 690 1364 canalicula
724 1316 839 1365 280.
1559 1328 1589 1362 e
1624 1328 1722 1378 pro
1759 1329 1827 1363 ae
1864 1316 1981 1364 223.

377 1380 695 1432 cantherius
731 1384 850 1434 205.
1083 1405 1086 1409 “
1559 1395 1622 1430 ec
1657 1382 1782 1442 2193
1818 1383 1936 1436 220.
2003 1446 2012 1453 ⁶

378 1448 572 1511 cupida
604 1451 721 1500 228.
1555 1449 1842 1500 Ecbatana
1877 1463 1999 1514 gen.
2034 1449 2159 1499 fem.
2194 1452 2313 1501 235.

382 1516 654 1580 capitatus
690 1518 809 1567 200.
1557 1517 1800 1572 ecdicam
1839 1520 1954 1568 199.
2056 1565 2072 1574 x

381 1582 556 1633 Carbo
598 1586 716 1636 277.
1499 1612 1507 1619 ·
1558 1584 1758 1635 ecferre
1792 1584 1955 1648 foras,
1994 1585 2242 1649 vulgare*
2255 1587 2374 1636 250.

380 1666 582 1714 carcer,
617 1652 777 1703 homo
814 1667 1029 1703 carcere
1066 1653 1265 1716 dignus
1302 1655 1417 1702 283.
1554 1652 1606 1701 ei
1631 1659 1891 1718 corrupta
1915 1670 1949 1704 a
1973 1653 2210 1704 librariis
2234 1655 2360 1711 2213
2398 1655 2523 1717 2343
2551 1655 2679 1712 238:

312 1754 317 1759 -
377 1721 750 1784 catapeirates
785 1723 903 1773 205.
1622 1722 1752 1786 2523
1789 1723 1905 1772 257.
2444 1722 2447 1725 ’

381 1785 520 1837 Cato
559 1803 659 1838 em.
696 1790 825 1853 2383
862 1790 981 1843 246.
1555 1789 1606 1837 ei
1641 1803 1741 1853 pro
1774 1791 1799 1839 ῑ
1836 1788 2135 1856 (nunquam
2168 1805 2267 1854 pro
2302 1787 2354 1852 ἵ)
2390 1792 2676 1840 223-225,

379 1868 527 1917 cena,
569 1870 703 1906 ceno
739 1858 856 1907 223.
1555 1856 1605 1904 ei
1642 1857 1998 1921 spondiaeum
2034 1860 2152 1908 248.

377 1926 661 1972 centonem
696 1938 856 1974 suere
896 1925 1010 1974 257.
1079 1941 1085 1946 ·
1555 1923 1704 1973 elfivi
1738 1928 1857 1977 250.

382 2004 600 2041 cercera
637 1993 753 2042 199.
1555 1997 1829 2044 emortuus
1865 1995 1983 2047 228.

352 2068 611 2109 ‘cernuus
646 2060 767 2110 206.
1555 2065 1838 2110 emunctae
1873 2062 2023 2112 naris
2057 2063 2176 2111 291.

378 2124 654 2176 Chironea
688 2126 916 2177 volnera
951 2129 1067 2182 263.
1555 2128 1773 2191 emungi
1797 2144 1896 2193 pro
1918 2128 2115 2194 decipi,
2151 2134 2214 2180 ut
2238 2119 2680 2194 ἀπομύττεσθαι

381 2192 613 2243 cibicida
646 2196 765 2244 254.
1621 2196 1740 2247 263.

378 2258 570 2310 Cicero
603 2276 703 2311 em.
739 2264 864 2325 2083
900 2265 1024 2323 21ος
1061 2265 1178 2314 219.
1556 2263 1767 2315 Ennius
1802 2266 1920 2317 275.
1991 2271 2185 2316 auctor
2221 2272 2441 2318 saturae
2471 2267 2677 2317 latinae

379 2342 728 2394 cognoscere,
766 2325 1064 2395 agnoscere
1099 2334 1216 2382 271.
1623 2334 1742 2382 295.
1812 2335 1928 2383 eius
1965 2333 2191 2384 annales
2230 2336 2348 2385 298.

382 2397 655 2447 comedere
707 2396 1097 2449 Germanorum
1155 2404 1281 2450 ‘aus
1333 2400 1499 2449 Liebe
1555 2400 1765 2451 Ennius
1800 2415 1901 2454 em.
1942 2404 2064 2462 194;
2101 2405 2224 2452 246.
2279 2461 2284 2472 .

447 2464 729 2516 aufessen’
767 2468 884 2518 210.
1555 2467 1824 2530 epistulae
1857 2470 2109 2521 versibus
2145 2470 2382 2536 scriptae
2417 2472 2539 2521 227.

380 2532 700 2583 concredere
733 2536 852 2586 256.
1555 2550 1697 2601 equa
1730 2534 1797 2587 de
1833 2537 2054 2588 muliere
2089 2540 2204 2589 269.

379 2601 663 2651 coniurare
700 2601 950 2653 absolute
987 2602 1191 2653 dictum
1231 2605 1346 2654 196.
1554 2617 1782 2655 erumna
1818 2621 1914 2670 pro
1952 2603 2216 2656 aerumna
2250 2609 2368 2657 247.

376 2670 810 2734 comparationes
889 2670 1232 2737 frequentes·
1281 2672 1498 2722 Lucilio
1551 2685 1674 2722 esse
1710 2688 1832 2722 cum
1865 2672 2119 2724 adverbio
2156 2675 2271 2724 229.

444 2738 564 2787 202.
1062 2758 1074 2763 ·
1501 2792 1509 2798 ,
1552 2745 1639 2789 est
1682 2740 1903 2791 abiecta
1946 2757 1976 2791 e
2010 2746 2320 2807 corruptum
2356 2758 2389 2791 a
2435 2742 2674 2793 librariis

375 2805 732 2869 comparativi
754 2820 1000 2870 graecor.
1027 2807 1344 2858 adiectivor.
1371 2810 1497 2870 2693
1618 2810 1719 2859 237
1756 2806 1830 2860 al.
2497 2832 2502 2836 ⁴

320 2886 324 2890 *
442 2874 558 2927 277.
1556 2879 1661 2940 est,
1688 2881 1835 2940 sunt,
1859 2893 1979 2930 esse
2002 2879 2203 2930 omissa
2227 2894 2260 2928 a
2284 2879 2349 2928 L.
2386 2881 2515 2941 237;
2551 2881 2674 2941 2413

374 2953 647 2992 consonae
699 2942 973 3008 simplices
1030 2960 1127 3009 pro
1186 2943 1499 3010 duplicibus
1618 2947 1720 2995 243
1763 2943 1840 2998 al.

442 3010 568 3072 2193
605 3013 731 3073 2313
768 3013 865 3061 251
896 3027 972 3078 sq.
1013 3012 1089 3061 al.
1551 3017 1605 3061 et
1640 3013 1698 3061 in
1735 3015 2007 3064 antitheto
2043 3018 2172 3066 233.4

374 3077 629 3128 consonis
674 3077 910 3129 nondum
954 3081 1261 3145 aspiratum
1317 3086 1497 3133 aetate
1551 3084 1606 3129 et
1641 3081 1699 3131 in
1732 3079 1838 3130 fine
1871 3097 2067 3134 versus
2101 3085 2219 3135 220.

443 3144 644 3195 Lucilii
676 3147 798 3197 261.
1552 3147 1833 3213 Euripidis
1869 3150 2021 3201 chori
2054 3152 2354 3215 vituperati
2391 3154 2506 3202 321.

377 3210 639 3279 comptus
672 3215 801 3278 221,
837 3217 953 3266 222.
1553 3221 1814 3280 excerpta
1847 3218 2060 3269 Pithoei
2095 3221 2212 3271 275.

377 3278 549 3333 Cotus
584 3296 677 3330 rex
714 3283 831 3333 240.
1450 3326 1463 3331 -
1551 3283 1833 3335 excludere
1868 3286 2014 3336 foras
2050 3287 2166 3338 286.

377 3349 768 3401 coxendicibus
804 3352 921 3402 285.
1553 3357 1832 3416 exentero,
1865 3355 2131 3419 exintero,
2168 3359 2450 3406 extentero
2488 3358 2603 3407 236.

375 3419 596 3481 crisare,
631 3431 848 3468 crusare
883 3420 1000 3471 229.
1551 3421 1798 3486 expirare
1833 3423 1954 3472 250.

375 3501 496 3535 cum
533 3483 846 3536 coniunctio
882 3485 1246 3550 multiplicata
1282 3485 1398 3540 208.

375 3552 648 3603 cumulata
690 3554 912 3604 nomina
948 3569 1042 3604 seu
1082 3556 1250 3605 verba
1285 3558 1403 3610 268.
1551 3555 1731 3607 facere
1768 3557 2016 3609 iunctum
2050 3574 2165 3609 acc.
2205 3574 2326 3609 cum
2360 3559 2461 3609 inf.
2501 3562 2618 3611 282.

375 3635 563 3671 curare
600 3622 800 3672 omissa
833 3627 896 3671 ut
929 3623 1049 3676 268.
1552 3624 1839 3689 facessere,
1875 3626 2089 3677 amoliri
2129 3628 2240 3678 198.

1552 3691 1764 3744 facetus
1799 3696 1917 3745 285.

375 3756 503 3807 dare
540 3774 662 3808 cum
696 3757 847 3809 infin.
885 3760 1006 3809 213.
1553 3759 1724 3812 facies
1761 3778 1857 3831 pro
1896 3768 2115 3815 statura
2151 3765 2268 3814 258.
2371 3760 2378 3771 “

373 3824 702 3878 decumanus
738 3829 853 3877 211.
1552 3828 1700 3879 facul
1734 3832 1850 3879 214.

373 3891 703 3944 decumanus
734 3894 937 3946 fluctus
971 3898 1090 3946 205.
1550 3896 1670 3946 fala
1704 3912 1803 3961 pro
1839 3897 2071 3949 falarica
2105 3901 2222 3950 284.

373 3959 605 4025 decusis,
638 3961 900 4013 decusum
934 3965 1053 4014 228.
1550 3963 1757 4014 favitor
1787 3967 1910 4018 260.

374 4027 584 4082 deierat
618 4029 753 4095 perf.
789 4030 919 4081 262:
1550 4030 1736 4083 fautor
1771 4033 1877 4085 adi.
1913 4036 2033 4085 217.

378 4096 622 4161 demagis
655 4100 772 4149 240.
1550 4099 1788 4152 ferratus
1822 4105 1939 4153 293.
2001 4156 2005 4161 ,

375 4165 631 4230 depetigo
666 4168 785 4217 270.
1434 4210 1449 4221 ,
1550 4166 1755 4218 fervere
1788 4171 1904 4220 228.

375 4230 654 4297 depostuS,
687 4233 1008 4298 desperatus
1039 4239 1156 4292 207.
1549 4233 1727 4285 ficella
1760 4239 1902 4287 264.’

372 4299 649 4351 destinare
669 4316 784 4351 acc.
803 4315 923 4351 cum
942 4302 1094 4353 infin.
1114 4303 1361 4354 iunctum
1379 4306 1496 4356 256.
1550 4301 1684 4353 ficus
1721 4304 1933 4357 fructus
1971 4322 2139 4360 masc.
2177 4314 2234 4359 et
2267 4306 2386 4358 fem.
2422 4311 2539 4361 213.

376 4367 671 4431 destinare,
708 4383 880 4419 emere
914 4372 1033 4426 263.
1175 4406 1181 4410 -
1551 4369 1736 4421 fistula
1768 4374 1885 4423 225.

373 4435 678 4501 detundere,
711 4437 999 4489 detondere
1033 4441 1150 4490 243.
1551 4437 1892 4506 situlas-3223
1931 4445 2050 4494 323.
