3267 5075
686 363 814 454 288
992 363 1216 420 MAGIS
1256 364 1663 420 SUSPECTA.·
1717 364 2172 420 TESTIMONIA
2209 366 2305 419 DE
2343 364 2654 420 LUCILIO.

688 547 805 587 uam
851 540 904 587 ct
934 531 1141 588 Statius
1186 537 1498 590 tenuiorem
1544 533 1680 589 dixit
1726 533 1896 589 tribus
1929 522 2163 608 syllabis.
2219 563 2288 574 —
2339 542 2513 589 tamen
2559 533 2772 606 propius
2811 531 2939 588 abest

686 634 713 669 a
761 613 863 671 sule
909 616 1051 672 huuc
1094 619 1683 691 grammaticum·sicut
1727 626 2000 675 auctorem
2045 616 2211 673 libelli
2254 617 2322 673 de
2353 616 2662 673 nominibus
2689 615 2825 673 dubii
2862 633 2941 691 ge·

689 700 831 755 neris
877 700 1260 775 neglegentius
1305 718 1435 758 usos
1478 701 1645 758 fuisse
1687 704 1958 759 communi
2003 701 2306 759 traditionis
2345 701 2520 770 sonte,
2564 702 2619 756 in
2661 718 2765 775 quo
2802 718 2941 756 nasus

688 783 768 839 vel
815 801 1001 840 nasum
1046 785 1414 860 compluribus
1456 786 1793 843 diversorum
1824 788 2149 861 scriptorum
2196 785 2451 860 exemplis
2494 784 2855 859 probarentur,
2894 793 2942 840 ut

688 867 874 925 Lucilii
918 885 1114 926 nomen
1160 869 1306 944 quod
1351 871 1676 946 adscriptum
1721 880 1870 928 esset
1911 871 1975 928 ad
2021 871 2109 927 illa
2158 887 2294 944 quae
2337 871 2568 926 servavit
2598 868 2789 926 Nonius
2828 887 2870 926 s.
2899 889 2936 924 v.

689 968 849 1009 nasus
895 971 987 1028 pg.
1037 953 1159 1012 215
1208 963 1408 1011 temere
1455 956 1844 1012 transferretur
1886 955 2009 1012 alio.

862 1039 958 1096 10.
1033 1039 1165 1096 haec
1209 1039 1359 1096 valde
1404 1056 1596 1096 vereor
1637 1056 1706 1096 ue
1751 1042 2005 1105 memoria
2053 1039 2234 1113 lapsus
2280 1038 2660 1113 Hieronymus,
2703 1039 2852 1095 homo
2893 1050 2940 1094 ιιι

688 1131 878 1179 notum
923 1123 1242 1194 levissimus,
1290 1124 1634 1199 adscripserit
1680 1124 1904 1182 Lucilio.
1963 1155 2045 1165 —
2102 1141 2220 1179 uam
2268 1123 2529 1198 leguntur
2578 1141 2664 1197 ap.
2709 1123 2828 1179 Hor.
2868 1142 2938 1198 ep,

690 1207 749 1262 li.
801 1208 829 1262 l
878 1207 1062 1263 eadem
1107 1224 1214 1264 non
1263 1207 1492 1279 Lucilio,
1547 1206 1647 1266 sed
1693 1210 1893 1266 criticis
1940 1210 2188 1284 Augusto
2231 1207 2545 1282 aequalibus
2593 1208 2802 1280 tributa,
2839 1225 2940 1264 cum

690 1293 804 1366 ipse
851 1290 1066 1348 Fiat-cus
1111 1292 1160 1347 id
1209 1293 1425 1349 irrideat
1469 1294 1743 1350 iudicium.
1817 1303 1872 1349 et
1901 1295 2031 1350 satis
2075 1300 2289 1350 constat
2318 1293 2560 1367 alioquin
2595 1292 2940 1368 Hieronymum

689 1375 954 1452 quidquid
1000 1376 1155 1432 all'ert
1198 1394 1261 1433 ex
1306 1376 1491 1434 Lucilii
1539 1378 1735 1435 saturis
1780 1396 1808 1434 a
1854 1379 2032 1435 Tullio
2080 1377 2411 1451 Horatioque
2457 1384 2774 1435 mutuatum.

1470 1613 1798 1672 Testimonia
1842 1614 1909 1670 de
1952 1613 2178 1671 Lucilio.

865 1761 917 1817 1.
994 1762 1060 1817 de
1107 1761 1188 1817 his
1219 1777 1357 1835 quae
1400 1760 1570 1817 refert
1600 1759 1959 1833 Hieronymus
2003 1777 2125 1815 cum
2171 1762 2373 1816 totiens
2404 1760 2672 1834 litigarint
2713 1759 2848 1814 docti
2886 1759 2949 1813 sic

693 1845 909 1918 habeto,
954 1845 1083 1902 nibil
1131 1846 1351 1902 omnino
1396 1861 1517 1900 esse
1561 1861 1660 1901 cur
1705 1844 1918 1900 fatalem
1950 1843 2135 1900 Lucilii
2166 1860 2363 1901 annum
2398 1843 2539 1900 ultra
2572 1861 2695 1900 eum
2739 1845 2826 1916 qui
2865 1843 2950 1898 luit

691 1950 735 1987 a.
784 1948 836 1986 u.
885 1948 932 1986 c.
966 1929 1089 1987 652
1135 1929 1559 2004 promoventium
1605 1930 2002 1996 existimemus3
2050 1946 2168 1984 nam
2214 1945 2351 2002 quae
2396 1930 2793 1985 recentissimae
2835 1936 2951 1983 tem·

691 2032 882 2089 porum
929 2024 1089 2070 uotae
1133 2018 1186 2070 in
1245 2016 1360 2069 eius
1417 2013 1738 2070 carminibus
1784 2024 2078 2070 occurrunt
2136 2014 2240 2069 hoc
2294 2022 2378 2068 est
2423 2012 2729 2087 Iugurthini
2781 2012 2951 2086 Opimii

690 2110 744 2154 et
786 2100 962 2154 Crassi
1009 2097 1311 2154 tribunatus
1359 2100 1560 2154 tuentio
1605 2097 1741 2154 sacta
1787 2098 1852 2152 atl
1896 2115 2093 2154 annum
2126 2097 2273 2154 urbis
2304 2096 2427 2155 645
2458 2108 2513 2154 et
2544 2097 2681 2154 646·
2712 2103 2950 2171 spectant.

690 2200 812 2239 naun
858 2181 1108 2239 Liciniam
1155 2182 1330 2256 legem
1375 2199 1533 2256 quam
1577 2201 1605 2238 a
1652 2182 1711 2239 P.
1760 2181 1962 2238 Licinio
2006 2183 2200 2238 Crasso
2230 2182 2400 2238 Divite
2430 2182 2660 2238 consule
2691 2199 2736 2237 a.
2766 2198 2816 2238 ιι.
2848 2178 2949 2238 657

692 2267 849 2323 latam
893 2283 1016 2323 esse
1057 2266 1158 2323 sibi
1206 2282 1522 2341 persuasere
1567 2265 1782 2340 quialam
1826 2283 1936 2323 non
1984 2269 2158 2324 minus
2198 2265 2550 2342 probabiliter
2593 2267 2660 2323 ad
2707 2267 2953 2322 tribunum

692 2351 921 2408 eunilem
979 2350 1060 2407 vel
1118 2361 1419 2426 praetorem
1490 2351 1682 2407 referri
1750 2368 1910 2425 posse
1976 2368 2235 2408 monuere
2289 2353 2393 2407 iam
2449 2350 2559 2408 alii.
2663 2353 2745 2407 vix
2797 2359 2954 2406 autem

692 2434 922 2510 «lignum
974 2447 1059 2491 est
1113 2437 1368 2492 memoria
1429 2436 1575 2509 quod
1622 2435 1888 2491 lleusdius
1945 2438 2136 2492 statuit
2192 2454 2284 2510 pg.
2335 2435 2414 2492 28
2469 2436 2802 2493 collocutum
2852 2449 2956 2490 csse

695 2521 953 2578 Lucilium
999 2538 1122 2578 cum
1150 2520 1408 2577 Cicerone
1439 2529 1601 2595 atque
1632 2521 1764 2577 adeo
1796 2520 1876 2578 29
1906 2538 2027 2595 sqq.
2075 2539 2200 2577 eum
2243 2530 2417 2578 aetate
2458 2538 2658 2577 annum
2692 2538 2741 2576 u.
2772 2537 2817 2576 c.
2850 2518 2963 2576 656·

692 2608 1007 2663 excessisse.
1051 2637 1136 2646 —
1178 2614 1422 2661 ceterum
1464 2607 1520 2662 in
1566 2604 1714 2662 libris
1744 2606 1811 2661 de
1841 2616 2083 2677 oratore,
2127 2624 2266 2680 quos
2310 2624 2357 2662 a.
2390 2622 2435 2661 a.
2482 2605 2609 2661 Chr.
2645 2606 2724 2662 91
2770 2604 2957 2661 habitos

695 2693 848 2766 tingit
879 2691 1088 2748 Tullius
1121 2690 1380 2746 Lucilium
1426 2699 1702 2746 mortuum
1749 2693 1897 2765 tangi
1941 2708 1969 2745 a
2000 2690 2192 2747 Crasso
2236 2693 2391 2748 cuius
2436 2700 2567 2746 sunt
2611 2689 2765 2745 verba
2793 2689 2833 2761 1,
2866 2689 2957 2754 16;

693 2776 755 2847 ΙΙ,
803 2777 839 2835 (i
885 2778 990 2832 sed
1031 2783 1094 2832 ut
1137 2776 1354 2831 solebat
1399 2775 1459 2831 C.
1503 2775 1764 2831 lucilius
1805 2791 1984 2847 saepe
2025 2777 2253 2833 dicere.-
2302 2783 2365 2833 ut
2409 2774 2470 2831 C.
2518 2775 2777 2832 Lucilius
2815 2776 2959 2830 homo

691 2863 893 2917 doctus
944 2869 999 2917 e!
1051 2861 1426 2932 perurbatms
1478 2861 1698 2916 solebat
1753 2862 1949 2916 dicere
2000 2870 2332 2916 annotarunt
2385 2859 2649 2933 plerique.
2696 2889 2780 2901 —-
2830 2857 2958 2932 quod

692 2954 881 3002 contra
925 2946 1008 2999 vix
1052 2954 1180 3000 sunt
1224 2943 1376 3018 digni
1408 2945 1502 3017 qui
1536 2943 1854 3001 refellantur
1897 2947 1989 3017 qui
2031 2954 2273 3001 statuere
2316 2961 2502 3000 revera
2536 2943 2794 3001 Lucilium
2836 2958 2959 2998 anno

695 3031 886 3084 aetatis
933 3027 1082 3083 navt
1128 3028 1266 3085 «lietu
1313 3027 1510 3084 obisse.
1558 3058 1636 3067 —
1686 3046 1747 3085 ac
1792 3030 2020 3104 primum
2065 3029 2281 3103 quidem
2329 3028 2534 3085 Horatii
2588 3047 2617 3083 a
2664 3047 2773 3103 quo
2814 3042 2961 3084 senex

695 3122 916 3168 vocatur
962 3112 1119 3169 iidem
1163 3114 1235 3168 ita
1279 3112 1520 3183 elevant,
1579 3122 1641 3168 ut
1698 3113 1874 3168 dicant
1927 3115 2169 3187 quemvis
2223 3116 2503 3189 antiquum
2559 3115 2874 3187 scriptorem
2914 3121 2961 3166 et

693 3215 855 3273 posse
898 3207 953 3254 et
997 3197 1177 3253 solere
1220 3195 1323 3253 (liei
1368 3213 1571 3253 senem.
1633 3197 1813 3254 audio.
1871 3199 1968 3254 sed
2015 3196 2173 3253 verba
2216 3197 2335 3273 ipsa
2378 3197 2552 3254 Flacci
2596 3200 2866 3255 notissima
2893 3198 2961 3251 in·

693 3284 938 3360 spitiruti
985 3281 1138 3338 facile
1182 3280 1453 3355 apparebit
1498 3284 1645 3338 senis
1678 3281 1993 3338 vocabulum
2036 3292 2089 3338 et
2133 3299 2528 3357 supervacuum
2568 3299 2795 3357 prorsus
2835 3296 2960 3350 esse,

696 3368 798 3423 boc
849 3385 1011 3422 sensu
1055 3368 1103 3423 si
1157 3367 1394 3441 positum
1437 3368 1710 3422 existimes
1755 3367 1877 3423 loco
1921 3368 2047 3439 illo,
2104 3376 2159 3424 et
2202 3369 2574 3441 aptissimum,
2622 3369 2671 3423 si
2714 3364 2961 3423 communi

695 3469 756 3506 a«
801 3451 1023 3525 vulgato
1066 3453 1210 3507 inter
1254 3467 1462 3507 omues.
1529 3453 1653 3524 quis
1697 3454 1837 3508 enim
1883 3451 2073 3508 melius
2117 3470 2277 3525 quam
2320 3461 2539 3509 exactae
2583 3452 2747 3510 homo
2788 3449 2958 3508 aetatis

693 3535 906 3592 «licetur
950 3535 1124 3591 tabula
1170 3535 1334 3592 veluti
1381 3537 1554 3591 votiva
1599 3536 1758 3592 vitam
1802 3553 1952 3591 suam
1994 3546 2165 3593 totam
2211 3538 2552 3611 praeteritam
2594 3532 2959 3610 descripsisse?

703 3649 770 3660 —
821 3618 1020 3694 quodsi
1075 3635 1259 3675 revera
1303 3617 1562 3676 Lucilium
1619 3636 1665 3675 a.
1714 3637 1766 3676 ιι.
1816 3620 1938 3679 606
1995 3630 2177 3676 natum
2229 3619 2683 3692 existimabimus„
2736 3620 2960 3694 sequitur

695 3719 818 3759 eum
873 3719 994 3758 cum
1050 3701 1179 3760 obiit
1237 3702 1295 3758 P.
1353 3703 1637 3761 Africanus
1704 3704 2169 3762 adulescentulum
2223 3706 2393 3762 fuisse
2448 3705 2627 3762 xvtm
2695 3719 2954 3762 annorum.

695 3788 844 3860 atqui
889 3803 998 3843 non
1043 3803 1166 3842 eum
1209 3786 1618 3845 adulescentulo
1675 3790 1772 3845 sent
1827 3806 1949 3844 cum
1994 3792 2109 3847 viro
2164 3800 2221 3846 et
2264 3793 2493 3848 amicitia
2548 3790 2717 3848 fuisse
2766 3792 2956 3845 iunctos
3046 3821 3058 3835 .

695 3880 747 3926 ct
793 3869 1022 3926 subinde
1067 3886 1450 3943 repuerascere
1493 3874 1687 3929 solitos
1732 3875 2038 3948 Scipionem
2092 3893 2153 3932 ac
2210 3874 2446 3932 Laelium
2500 3878 2829 3951 apertissime
2879 3871 2954 3925 de·

698 3964 998 4012 tum-strant
1045 3953 1202 4010 rei-ln
1249 3952 1448 4012 Flacci:

949 4094 1082 4168 quin
1126 4091 1214 4148 ubi
1257 4109 1318 4148 se
1360 4110 1389 4148 a
1435 4093 1600 4168 vulgo
1643 4106 1698 4152 et
1740 4115 1931 4154 scaeua
1974 4101 2025 4155 in
2068 4109 2280 4157 secreta
2322 4109 2595 4158 remorant

949 4181 1119 4234 virtus
1163 4175 1438 4252 Scipiadae
1481 4186 1534 4233 et
1581 4183 1725 4237 mitis
1766 4185 2028 4257 sapientia
2072 4182 2245 4258 Laeli,

951 4263 1146 4375 nugari
1187 4277 1311 4318 cun
1355 4259 1451 4318 itio
1495 4271 1548 4317 et
1593 4264 1838 4362 discimti
1880 4267 2095 4340 ludere,
2140 4269 2317 4327 donec
