3267 5075
504 1322 720 1396 AOOI
800 1320 1274 1414 (PRAETER
1345 1321 1974 1416 TRAGOEDIAS)
2054 1321 2179 1396 ET
2264 1323 2479 1398 SUEI

832 1441 1283 1508 LIBRORUM
1328 1442 1567 1520 QUAE
1616 1441 2143 1510 SUPERSUNT.

1476 1643 1497 1698 1

515 1762 588 1818 De
617 1761 947 1818 didascalicis
977 1759 1034 1815 L.
1069 1761 1211 1817 Accii
1254 1777 1377 1818 cum
1422 1778 1547 1818 cura
1593 1770 1649 1817 et
1692 1759 1937 1817 sollertia
1981 1762 2095 1835 egit
2124 1760 2417 1835 Madvigius
2448 1756 2631 1817 libello

341 1847 645 1904 academico
693 1862 851 1920 quem
898 1863 946 1903 a.
982 1845 1139 1902 1831
1190 1847 1423 1920 primum
1467 1845 1671 1902 editum
1718 1861 1841 1900 mox
1885 1847 2053 1920 priori
2097 1844 2356 1901 volumini
2400 1860 2633 1917 opuscu-

340 1931 519 1989 lorum
568 1931 813 1986 inseruit.
882 1929 956 1985 ibi
1002 1928 1185 2001 simul,
1229 1929 1414 2009 nullus
1445 1938 1506 1985 ut
1548 1930 1703 1987 locus
1734 1937 1880 1985 esset
1923 1931 2026 1986 iam
2064 1929 2286 1985 relictus
2314 1927 2631 1999 dubitando,

343 2015 542 2072 Osanni
574 2013 874 2071 confutavit
913 2015 1163 2087 ineptias,
1209 2016 1302 2087 qui
1335 2015 1544 2070 Ateium
1575 2013 1945 2088 philologum,
1986 2030 2097 2069 non
2127 2012 2185 2069 L.
2218 2014 2457 2085 Accium,
2502 2030 2633 2086 poe-

343 2110 447 2156 tam
496 2100 783 2173 tragicum,
828 2097 1183 2154 didascalicon
1227 2107 1503 2154 auctorem
1548 2114 1672 2154 esse
1714 2097 1940 2155 dixerat.

511 2185 682 2257 igitur
725 2184 976 2257 princeps
1020 2181 1162 2255 apud
1209 2181 1444 2238 Graecos
1487 2183 1778 2280 proposuit
1809 2181 2133 2238 Aristoteles
2179 2180 2372 2237 librum
2417 2181 2484 2237 de
2515 2199 2633 2238 cer-

345 2267 634 2325 taminibus
679 2267 955 2337 scaeniciS,
1004 2282 1069 2321 ex
1115 2283 1224 2339 quo
1270 2267 1506 2341 perspici
1551 2275 1778 2341 possent
1822 2274 1877 2322 et
1920 2267 2136 2323 nomina
2169 2274 2451 2340 poetarum
2485 2275 2632 2323 acto-

340 2368 572 2426 rumque
617 2359 674 2408 et
716 2350 1017 2407 fabularum
1061 2366 1253 2407 scaena
1296 2350 1683 2425 productarum
1737 2358 1982 2427 tempora
2039 2359 2095 2406 et
2139 2350 2246 2406 sata
2301 2367 2363 2407 ac
2406 2351 2630 2419 similia;

341 2453 465 2492 eum
507 2437 785 2510 inscripsit
827 2429 1234 2504 διδασκαλίας.
1322 2434 1516 2491 deinde
1561 2452 1626 2491 ex
1664 2434 2035 2491 Alexandrinis
2080 2434 2386 2491 Callimachi
2431 2434 2633 2509 prodiit

340 2516 518 2592 πίναξ
571 2525 694 2577 των
753 2513 900 2576 κατὰ
956 2513 1207 2596 χρόνους
1260 2513 1364 2576 καὶ
1409 2510 1520 2575 ἀπ’
1582 2511 1769 2596 ἀρχῆς
1819 2512 2157 2596 γενομένων
2208 2514 2630 2596 διδασκαλιῶν,

342 2605 571 2681 Carystii
616 2605 935 2679 Pergameni
979 2604 1116 2660 liber
1157 2599 1293 2680 περὶ
1329 2599 1754 2661 διδασκαλιῶν.

511 2707 542 2747 e
571 2689 824 2746 Romanis
865 2690 1068 2762 primus
1100 2689 1314 2761 Accius,
1361 2705 1519 2763 quem
1551 2698 1612 2745 ut
1652 2689 1945 2763 plerosque
1975 2687 2359 2761 Romanorum,
2405 2691 2630 2746 maxime

341 2775 731 2848 antiquiorum,
775 2774 976 2847 pariter
1030 2782 1224 2848 poetae
1278 2780 1336 2829 et
1394 2775 1729 2848 grammatici
1781 2776 1894 2829 vice
1938 2772 2181 2829 sunctum
2227 2790 2348 2829 esse
2392 2781 2627 2844 constat,

341 2875 638 2934 aggressus
683 2866 768 2913 est
809 2856 1047 2914 scribere
1100 2856 1460 2914 didascalicon
1504 2857 1706 2931 libroS,
1758 2866 1906 2914 certe
1960 2874 2072 2914 non
2117 2859 2295 2913 minus
2344 2857 2429 2914 lX.
2518 2857 2631 2915 dati

340 2952 519 2999 autem
564 2942 719 2999 fuere
760 2942 824 2998 ad
867 2941 1118 2997 Baebium
1177 2943 1545 3015 nescioquem.
1637 2943 1716 2998 eis
1770 2943 1851 2998 rei
1906 2943 2181 2999 scaenicae
2234 2941 2385 3017 leges
2428 2943 2632 3016 pariter

341 3045 402 3084 ac
442 3027 575 3100 fata,
619 3026 761 3100 apud
793 3026 1025 3082 Graecos
1056 3042 1192 3101 quae
1223 3027 1451 3082 extitere
1481 3035 1536 3083 et
1579 3026 1722 3101 apud
1752 3026 2045 3098 Romanos,
2090 3026 2301 3082 videtur
2344 3043 2465 3083 esse
2507 3043 2630 3100 per-

340 3120 581 3168 secutus.
673 3128 849 3185 neque
894 3110 994 3166 alia
1036 3111 1282 3184 poeticae
1326 3127 1523 3184 genera
1568 3112 1672 3167 nisi
1713 3113 2019 3168 summatim
2064 3111 2313 3185 tetigisse
2357 3127 2481 3167 eum
2525 3113 2630 3167 hoc

342 3212 506 3270 opere
550 3196 912 3252 existimarim.
989 3211 1108 3250 nam
1140 3194 1287 3293 quod
1332 3195 1472 3251 libro
1515 3196 1690 3268 primo
1735 3195 1802 3251 de
1846 3202 2023 3252 aetate
2063 3194 2281 3251 Homeri
2325 3203 2381 3251 et
2411 3194 2629 3250 Hesiodi

341 3281 553 3337 videtur
599 3280 909 3354 quaesisse,
966 3281 1052 3334 vix
1107 3280 1303 3335 mirum
1348 3278 1615 3335 videbitur
1658 3278 2034 3353 reputantibus
2091 3277 2415 3336 carminibus
2460 3280 2627 3353 epicis

343 3381 478 3438 quae
521 3372 672 3421 recte
715 3380 814 3419 seu
855 3380 1014 3420 secus
1057 3362 1122 3419 ad
1164 3363 1287 3419 illos
1330 3363 1669 3420 referrentur
1722 3364 1871 3420 velut
1911 3365 2136 3438 perenni
2189 3362 2341 3418 sonte
2386 3362 2627 3461 fluxisse,

343 3465 477 3522 quae
519 3450 757 3523 propriis
802 3446 952 3504 libris
995 3449 1324 3504 inverterent
1367 3449 1558 3522 tragici
1605 3448 1791 3504 Graeci
1837 3449 2041 3523 pariter
2082 3464 2144 3504 ac
2185 3446 2377 3503 Latini.

507 3542 751 3590 ceterum
793 3534 848 3588 in
879 3540 1027 3588 tanta
1056 3532 1405 3605 reliquiarum
1435 3534 1703 3606 paucitate
1733 3534 1878 3606 quod
1908 3548 2085 3605 neque
2115 3532 2398 3588 consilium
2444 3534 2627 3607 operis

342 3626 432 3674 aut
475 3617 615 3675 ordo
645 3619 776 3673 satis
804 3625 1038 3691 possunt
1066 3616 1318 3690 explicari
1361 3624 1418 3673 et
1447 3616 1659 3692 aliquot
1687 3616 2116 3691 fragmentorum
2148 3618 2416 3673 sententia
2448 3619 2626 3673 minus

341 3711 489 3759 certo
536 3709 779 3775 apparet,
825 3703 911 3757 vix
956 3702 1060 3758 erit
1104 3718 1200 3757 cur
1244 3702 1456 3758 mirere.

507 3785 706 3861 quodsi
742 3794 970 3842 aetatem
999 3785 1254 3842 tulissent
1280 3785 1610 3857 didascalica,
1659 3795 1804 3842 esset
1831 3802 1960 3842 sane
1989 3802 2216 3885 magnus
2247 3786 2440 3842 horum
2473 3804 2626 3861 usuS,

341 3887 664 3945 quamquam
707 3871 883 3945 neq'ue
927 3870 1242 3927 ratiunculis
1286 3871 1638 3944 ineptissimis
1691 3887 1792 3927 nec
1835 3871 2165 3945 gravissimis
2219 3871 2494 3928 erroribus
2538 3889 2625 3928 ca-

291 3945 300 3954 “
338 3958 513 4013 ruisse
560 3971 622 4011 ea
664 3961 895 4011 constat.

506 4039 796 4097 trochaicis
840 4040 1079 4096 numeris
1124 4038 1291 4096 fuisse
1334 4042 1668 4114 compositos
1709 4038 1879 4096 libros
1913 4039 2271 4097 didascalicon
2316 4036 2459 4115 (nam
2488 4040 2626 4096 Mer·

340 4141 494 4182 cerus
541 4133 598 4180 et
625 4123 922 4198 Madvigius
965 4140 1086 4180 cum
1132 4123 1407 4197 plerisque
1437 4126 1679 4198 priorum
1711 4124 1949 4197 pedestri
1991 4140 2242 4181 sermone
2285 4126 2624 4199 conscriptos
2728 4165 2737 4174 .
2800 4158 2809 4165 -

340 4207 698 4279 crediderant)
742 4206 972 4282 probare
1015 4208 1226 4264 studuit
1269 4207 1602 4264 Hermannus
1649 4208 1912 4282 opusculo
1956 4208 2254 4265 academico
2299 4208 2352 4264 d.
2396 4208 2506 4265 XlX
2552 4227 2623 4266 m.

340 4292 458 4350 Dec.
506 4311 558 4349 a.
607 4290 766 4349 1841
816 4292 994 4362 edito;
1048 4293 1143 4349 sed
1188 4292 1406 4349 frustra.
1482 4309 1603 4348 nam
1649 4293 1900 4349 Sotadico
1945 4302 2120 4350 metro
2174 4291 2342 4349 fuisse
2385 4296 2624 4368 scriptos

339 4377 609 4452 praeclare
666 4375 903 4432 ostendit
945 4375 1314 4435 Lachmannus
1359 4380 1414 4433 in
1459 4387 1857 4451 programmate
1902 4377 2084 4434 addito
2127 4375 2290 4435 indici
2331 4377 2624 4443 lectionum
