3267 5075
1265 388 1481 442 LIBER
1516 390 1609 443 111.
1773 397 1782 402 '
2508 390 2584 453 17
2661 379 2668 386 ’

1072 548 1384 615 XXXVII
1432 550 1572 632 [35]
1603 573 1701 616 oo.

336 663 423 729 50
470 702 556 710 —
603 667 668 729 et
711 666 977 748 pulvino
1024 666 1226 730 fultus
1286 715 1655 736 „„„„„„„

1116 779 1458 846 XXXVIII
1505 782 1647 862 [29]
1676 804 1763 866 pp

464 898 752 993 vertitur·
781 898 1168 981 oenophoris
1213 885 1471 982 fundus,
1517 898 1840 962 sententia
1882 898 2090 963 nobis,

1142 1011 1418 1077 XXXIX
1466 1012 1606 1094 [31]
1639 1036 1725 1098 qq

461 1184 504 1195 .-
523 1173 561 1191 e
583 1173 620 1191 υ
674 1129 936 1193 exhalas
981 1131 1117 1193 tam
1165 1130 1380 1194 acidos
1427 1151 1505 1193 ex
1548 1132 1807 1213 pectore
1851 1133 2089 1195 ructus

1152 1242 1267 1309 XL
1315 1245 1464 1326 [inc.
1511 1246 1625 1325 37]
1655 1243 1734 1309 r*

463 1363 530 1423 et
573 1360 845 1446 pedibus
891 1362 1075 1425 laeva
1121 1358 1420 1444 Sicyonia
1465 1361 1666 1425 demit
1708 1361 2000 1427 honesta.

1114 1474 1262 1541 XLI
1309 1476 1457 1557 [inc.
1504 1476 1616 1557 27]
1650 1476 1759 1540 ss*
1923 1471 1927 1476 ’

455 1649 495 1662 ..
521 1641 558 1659 υ
576 1641 613 1661 s
632 1652 672 1660 -
690 1640 1277 1662 „„„„„„„„„„„
1322 1593 1560 1657 lectum

327 1705 413 1771 55
456 1707 780 1791 perminxi
826 1708 1209 1794 inposuique
1252 1708 1618 1791 pudendam
1664 1708 1921 1794 pellibu’
1967 1709 2197 1774 labem.

1206 1821 1386 1887 XLII
1432 1825 1572 1905 [19]
1603 1827 1663 1888 tt

463 1960 499 2002 e
548 1960 780 2004 somno
826 1961 1059 2024 pueros
1107 1962 1252 2005 cum
1299 1962 1489 2004 mane
1536 1939 1885 2026 expergitu'
1933 1941 2157 2006 clamo,

412 2142 682 2194 XXXVII
741 2144 986 2195 Leidens.
1020 2144 1087 2195 80
1112 2145 1290 2195 Servii
1323 2144 1390 2194 ad
1416 2144 1519 2199 ecl.
1548 2148 1595 2207 6,
1620 2149 1685 2196 53
1721 2139 1839 2195 ille
1873 2146 2058 2197 latus
2093 2146 2360 2196 niveum
2395 2145 2584 2196 molli

283 2210 493 2261 fultus
541 2211 931 2275 hyacintho:
987 2212 1131 2277 apud
1166 2219 1385 2264 veteres
1431 2214 1804 2278 unusquisque
1855 2230 1918 2265 eo
1965 2230 2133 2279 super
2174 2213 2315 2279 quod
2351 2214 2584 2264 iacebat

286 2278 447 2329 fultus
483 2278 787 2331 dicebatur.
855 2280 1167 2330 Lucilius
1202 2281 1258 2329 in
1295 2281 1471 2330 tertio.
1632 2281 1926 2332 XXXVIII
1986 2283 2120 2333 Non.
2161 2284 2284 2343 173,
2326 2283 2388 2330 14
2432 2297 2583 2333 sen-

284 2348 507 2397 tentia
546 2348 904 2398 sensibilitas,
970 2348 1258 2399 Lucretius
1288 2375 1350 2384 —
1379 2348 1689 2399 Lucilius
1728 2356 2034 2413 satyrarum
2068 2349 2163 2400 lib.
2205 2350 2304 2400 111.
2340 2376 2406 2384 —-
2444 2348 2584 2400 Con-

284 2416 487 2465 sentius
527 2417 662 2466 2026
698 2423 985 2481 postquam
1022 2417 1088 2466 de
1124 2431 1329 2482 genere
1365 2417 1522 2466 verbi
1558 2417 1703 2481 quod
1739 2424 1825 2468 est
1870 2417 2068 2484 vulgus
2104 2418 2242 2482 egit:
2290 2415 2462 2466 simile
2497 2424 2581 2467 est

285 2482 546 2533 fundus.
619 2483 931 2533 Lucilius
976 2484 1130 2537 dixit.
1173 2510 1238 2519 -
1285 2483 1417 2534 Isid.
1454 2485 1498 2550 1,
1537 2487 1619 2549 35,
1657 2489 1688 2538 3
1735 2499 1962 2551 zeugma
2007 2490 2092 2538 est
2139 2483 2417 2550 clausula,
2462 2500 2583 2536 cum

287 2550 464 2616 plures
505 2566 697 2603 sensus
733 2568 842 2603 uno
878 2553 1040 2604 verbo
1075 2553 1403 2604 clauduntur
1437 2580 1501 2588 —
1539 2556 1597 2603 in
1632 2555 1803 2618 primo
1839 2560 1918 2608 ut.
1986 2554 2058 2609 id.
2097 2553 2215 2617 XX,
2240 2555 2290 2615 6,
2322 2557 2344 2602 1
2386 2569 2583 2606 oeno-

282 2620 554 2684 phorum
587 2636 688 2672 vas
723 2620 903 2671 ferens
938 2621 1122 2671 vinum
1162 2648 1223 2658 —
1261 2621 1327 2670 de
1366 2635 1468 2685 quo
1493 2628 1588 2672 'est
1622 2620 1775 2672 illud.
1809 2649 1879 2659 —
1913 2637 1979 2672 ex
2003 2622 2214 2672 Isidoro
2243 2622 2418 2687 petita
2452 2628 2580 2673 sunt

282 2703 416 2753 quas
453 2687 629 2739 habet
663 2688 834 2742 schol.
869 2689 1016 2743 Pers.
1053 2692 1103 2751 ὅ,
1141 2692 1237 2740 140
1271 2693 1326 2738 et
1363 2690 1725 2754 oenophorum
1766 2694 1953 2755 aptas:
1993 2706 2039 2740 o.
2078 2705 2131 2740 v.
2168 2705 2219 2740 v.
2257 2689 2297 2740 f.
2335 2715 2401 2724 —
2438 2690 2489 2739 d.
2528 2707 2582 2755 q.

284 2771 326 2804 e.
360 2756 395 2805 i.
536 2755 772 2806 XXXIX
836 2757 974 2808 Non.
1017 2760 1128 2820 164,
1162 2759 1230 2808 30
1282 2762 1529 2807 ructus·
1570 2775 1604 2807 a
1650 2758 1912 2809 ructando
1959 2758 2153 2808 dictus.
2231 2755 2466 2808 Plautus
2515 2785 2581 2792 —

249 2819 592 2874 'Lucilius
641 2828 946 2888 satyrarum
991 2823 1083 2875 lib.
1121 2825 1220 2877 lII.
1325 2823 1423 2873 XL
1482 2824 1690 2875 Paulus
1736 2828 1833 2876 337
1883 2826 2205 2891 Sicyonia
2253 2838 2430 2888 genus
2467 2826 2577 2875 cal·

283 2891 560 2943 ciamenti.
619 2891 932 2943 Lucilius
969 2892 1022 2956 (1.
1059 2894 1143 2945 111
1180 2897 1248 2946 tr.
1284 2890 1383 2957 M).
1486 2892 1616 2944 XLI
1676 2894 1876 2958 Porph.
1913 2893 1983 2943 ad
2024 2894 2150 2943 Hor.
2189 2900 2298 2943 sat.
2342 2894 2387 2956 1,
2426 2894 2474 2954 6,
2512 2895 2576 2942 22

282 2958 378 3008 hoc
411 2959 625 3009 scilicet
669 2959 794 3009 inde
842 2965 1112 3026 sumptum
1156 2965 1266 3023 est,
1314 2960 1456 3025 quod
1507 2967 1722 3011 veteres
1782 2964 1892 3026 (qu
1909 2962 1986 3011 od
2031 2961 2353 3010 ductores
2390 2959 2468 3025 v.)
2522 2961 2578 3009 in

282 3026 508 3089 pellibus
571 3027 892 3090 dormirent,
953 3029 1110 3080 cuius
1175 3028 1251 3077 rei
1309 3036 1362 3077 et
1423 3028 1733 3079 Lucilius
1795 3032 1953 3081 testis
2006 3035 2094 3079 est
2153 3027 2212 3092 (l.
2265 3028 2350 3078 111
2402 3027 2577 3079 adscr.

280 3093 509 3145 Franck.
547 3096 621 3158 11,
660 3095 767 3161 38).
938 3096 1096 3148 XLII
1154 3096 1328 3146 Diom.
1369 3098 1468 3146 372
1504 3096 1599 3146 sed
1645 3098 2046 3161 expergitus
2087 3096 2317 3159 dicitur,
2366 3096 2457 3162 qui
2495 3111 2580 3146 sa·

284 3162 448 3215 tintus
496 3178 685 3214 somno
741 3169 936 3229 sponte
992 3160 1243 3228 evigilat,
1299 3162 1438 3214 unde
1493 3171 1550 3215 et
1596 3164 1909 3215 Lucilius
1966 3164 2045 3214 ait
2103 3161 2250 3229 [ego]
2310 3179 2339 3212 e
2387 3179 2576 3214 somno

281 3243 323 3280 e.
361 3247 411 3295 q.
450 3246 494 3281 s.
532 3258 599 3266 -——
632 3231 950 3282 Priscianus
985 3234 1086 3283 888
1123 3232 1371 3297 quamvis
1407 3233 1770 3283 vetustissimi
1803 3233 1967 3283 etiam
2002 3231 2385 3298 expergitus
2423 3231 2568 3280 dice·

440 3463 521 3522 51
569 3421 899 3540 oenophoris
946 3465 1137 3522 Paris.
1186 3472 1241 3522 et
1284 3466 1441 3523 Mon.
1476 3466 1556 3522 Is.
1591 3416 1757 3535 &35
1804 3473 1859 3522 el
1903 3472 1966 3523 ul
2005 3466 2231 3522 videtur
2261 3463 2570 3538 Sanyerm.

278 3546 405 3618 XX,
440 3549 478 3606 6
527 3544 603 3619 (in
651 3549 844 3623 Guelf.
874 3552 1000 3608 desi
1042 3552 1152 3608 hoc
1197 3549 1428 3624 capul);
1476 3549 1754 3606 oenoforis
1802 3551 1985 3613 Non.,·
2030 3548 2243 3606 enofori
2288 3548 2444 3606 Mon.
2483 3541 2606 3606 Is.‘

186 3642 199 3661 ⁶
278 3632 405 3701 XX,
440 3634 500 3704 6,
546 3634 781 3690 cnossori
839 3633 964 3708 (sed
1015 3636 1043 3690 s
1089 3637 1245 3692 linea
1302 3637 1537 3693 inducta
1594 3633 1859 3707 deletum)
1921 3633 2144 3707 Guelfi,
2211 3632 2424 3689 enofori
2482 3637 2576 3691 vel

278 3717 516 3774 oenofori
572 3720 711 3776 libri
769 3718 1030 3777 Consenl.
1085 3750 1170 3777 x-
1224 3725 1282 3777 in
1328 3721 1521 3776 Persii
1574 3722 1807 3777 scholiis
1856 3719 2059 3793 fertur
2118 3720 2350 3776 vertitur
2409 3735 2574 3774 oeno-

279 3800 459 3873 phori3
526 3809 824 3877 sequentia
882 3807 1059 3862 verba
1125 3808 1205 3862 ibi
1262 3810 1470 3877 primis
1520 3809 1735 3864 litteris
1800 3806 2094 3869 indicata5
2158 3812 2336 3861 totum
2405 3805 2570 3861 scho-

277 3888 386 3941 lion
446 3891 645 3945 omillit
698 3889 1085 3948 Monacensis.
1270 3890 1349 3947 52
1408 3899 1517 3946 tam
1550 3890 1668 3962 ·M,
1725 3898 1837 3948 tum
1896 3890 2025 3946 cdd.
2091 3919 2174 3929 —
2241 3888 2457 3944 accidos
2506 3889 2571 3945 G.

443 3970 522 4029 53
567 3972 681 4029 leva
725 3973 773 4029 L
820 3974 958 4032 116.
1004 4005 1089 4016 —
1133 3978 1208 4032 id.
1254 3971 1561 4050 Sicitponia.
1754 3972 1835 4031 54
1895 3973 2093 4030 lectum
2153 3974 2415 4047 perminxi
2474 3973 2574 4028 im-

279 4056 540 4130 posuique
583 4058 886 4131 pudendam
930 4060 1053 4132 Dp,
1113 4077 1210 4134 per
1255 4060 1383 4116 mihi
1430 4060 1626 4116 lectum
1672 4060 1892 4134 inposui
1937 4058 2128 4132 pedem
2176 4059 2302 4115 cdd.
2474 4056 2570 4137 ,56

279 4154 379 4212 ego
424 4144 578 4214 quod
628 4159 659 4198 e
708 4148 977 4216 proximo
1033 4161 1128 4202 eso
1174 4151 1387 4214 ortum,
1448 4148 1615 4201 uncis
1670 4147 1903 4201 inclusit
1960 4144 2218 4215 Keilius,
2278 4159 2385 4200 om.
2443 4143 2569 4198 cdd.

279 4223 594 4290 Prisciani;
639 4244 775 4302 ergo
821 4248 870 4286 v.
920 4248 1017 4302 ap.
1050 4230 1230 4288 Diom.
1284 4259 1358 4270 —
1406 4245 1576 4285 esono
1623 4229 1945 4299 Halbersl.,
1995 4244 2226 4302 sompno
2272 4227 2455 4299 Luyd.
2488 4258 2570 4266 —-

279 4316 496 4380 pulcros
530 4312 671 4369 Par.
703 4311 898 4384 74343
945 4331 1116 4388 puero
1148 4315 1339 4377 Mon.,·
1382 4315 1527 4370 idem
1571 4315 1677 4371 cui.
1732 4343 1803 4355 —
1853 4313 2167 4387 expergitos
2214 4328 2293 4368 ex
2324 4327 2389 4368 eo
2421 4313 2575 4384 quod

278 4398 359 4445 est
404 4397 713 4470 expergitus
758 4406 820 4455 ut
864 4402 971 4457 vid.
1022 4400 1268 4457 Carolir.
1320 4429 1390 4441 -—-
1443 4399 1638 4455 clamas
1685 4398 1877 4456 Prisc.

383 4490 431 4530 O.
461 4492 608 4533 Lucili
637 4497 774 4536 satur.
804 4497 880 4536 rel.
2108 4499 2138 4545 2
