3267 5075
746 354 870 419 188
1047 420 1055 429 ,
1091 344 1100 351 “
1413 351 1867 408 TESTIMONIA
1903 352 2000 407 DE
2039 349 2345 407 Lucmo.

1824 515 1939 581 XL

917 647 1015 709 ap.
1059 625 1419 689 Ausonium
1464 623 1637 706 idyll.
1673 622 1770 685 III
1817 624 1919 687 cui
1961 624 2189 687 titulus
2236 622 2482 686 ‘villula
2525 619 2818 685 Ausonii'
2858 620 2991 684 haec

739 739 1093 824 antiquitus
1158 742 1223 802 et
1285 740 1367 805 ab
1430 739 1571 822 ipso
1633 740 1708 800 ut
1769 741 1926 820 puto
1991 737 2282 802 Ausonio
2346 737 2633 820 praefixa
2698 737 2989 820 leguntur:

738 856 815 920 de
862 855 1139 920 erediolo
1185 853 1498 938 praefatio
1544 853 1615 916 in
1660 875 1870 936 prosa.
1960 874 2104 919 cum
2161 853 2239 919 de
2293 853 2537 937 palatio
2593 854 2741 935 post
2783 852 2989 915 multos

739 993 944 1036 annos
976 969 1513 1035 honoratissimus
1559 968 1794 1054 quippe
1840 968 1969 1032 iam
2016 970 2241 1033 consul
2286 967 2559 1032 redisset
2604 967 2683 1031 ad
2727 967 2990 1049 patriam,

737 1085 1023 1150 villulam
1059 1107 1253 1169 quam
1288 1106 1445 1169 puer
1481 1080 1566 1167 (v.
1602 1083 1858 1168 pater)
1895 1084 2242 1168 reliquerat
2277 1083 2711 1167 introgressus
2747 1081 2842 1145 his
2875 1103 2989 1145 ver-

743 1202 918 1272 sibus
962 1200 1118 1265 lusit
1161 1199 1493 1264 Luciliano
1548 1194 1671 1283 (ita
1715 1198 1904 1282 docti,
1947 1198 2096 1263 libri
2141 1198 2246 1262 Lu
2259 1197 2517 1282 ciano)
2565 1198 2734 1275 stilot

1806 1312 1954 1377 XLI

1004 1431 1246 1496 Auson.
1294 1430 1475 1513 epist.
1525 1429 1625 1513 15,
1678 1430 1710 1493 1
1744 1451 1905 1514 sqq:

917 1569 956 1611 o
1002 1547 1111 1630 qui
1157 1548 1441 1610 vetustos
1487 1542 1572 1629 (v.
1617 1542 2252 1639 venustos)luberi
2296 1545 2601 1610 facundia

922 1663 1086 1727 sales
1134 1661 1382 1745 opimas
1392 1711 1410 1744 ‚
1456 1659 1748 1744 Tetradi3

917 1798 1254 1862 cavesque,
1297 1798 1379 1840 ne
1428 1775 1514 1839 sit
1555 1776 1760 1840 tristis
1805 1779 1872 1840 et
1915 1775 2082 1840 dulci
2128 1797 2352 1840 carens

917 1916 1137 1958 amara
1180 1891 1614 1975 concinnatim

918 2010 1027 2094 qui
1071 2010 1217 2073 felle
1263 2027 1523 2071 carmen
1568 2009 1760 2092 atque
1805 2007 1993 2070 melle
2038 2008 2403 2090 temperans

916 2129 1169 2210 torpere
1212 2122 1434 2187 Musas
1478 2143 1613 2187 non
1660 2121 1845 2205 sinis;

916 2235 1279 2318 pariterque
1323 2238 1503 2302 fucas
1550 2258 1837 2322 quaeque
1884 2240 2077 2321 gustu
2122 2238 2359 2322 ignava
2404 2241 2558 2302 sunt

917 2352 982 2413 et
1027 2373 1189 2434 quae
1236 2372 1461 2438 sapore
1506 2353 1748 2437 tristia3

917 2465 1105 2531 rudes
1153 2466 1468 2533 Camenas
1515 2468 1625 2554 qui
1673 2467 1941 2533 Suessae
1986 2469 2320 2553 praevenis

918 2603 1201 2669 aevoque
1246 2585 1444 2670 cedis,
1489 2606 1623 2650 non
1670 2584 1839 2650 stilo.

1675 2698 1856 2764 XLII
1900 2701 2084 2781 [178]

918 2812 1088 2879 Suet.
1118 2815 1195 2879 de
1221 2816 1311 2881 ill.
1340 2837 1608 2901 gramm.
1638 2817 1706 2881 2:
1754 2814 1977 2882 Grates
2013 2814 2312 2880 Mallotes
2344 2854 2426 2861 ——
2455 2816 2697 2881 nostris
2731 2814 2984 2897 exemplo

739 2927 863 2993 fuit
908 2931 989 2993 ad
1029 2927 1434 3016 imitandum,
1477 2931 1787 2997 hactenus
1833 2934 2069 3015 tamen,
2113 2934 2188 2995 ut
2231 2931 2519 2995 carmina
2550 2954 2776 3016 parum
2812 2929 2984 2994 adhuc

733 3043 1068 3128 divolgata
1128 3048 1230 3110 vel
1295 3046 1743 3111 defunctorum
1806 3047 2156 3112 amicorum
2210 3048 2312 3110 vel
2367 3047 2697 3132 siquorum
2752 3046 2982 3111 aliorum

737 3161 1122 3243 probassent
1165 3161 1534 3246 diligentius
1580 3165 2004 3227 retractarent
2057 3184 2131 3227 ac
2183 3162 2457 3246 legendo
2504 3160 2981 3227 commentando-

741 3299 863 3361 que
909 3280 974 3341 et
1019 3277 1244 3342 ceteris
1290 3281 1447 3342 nota
1490 3277 1777 3343 facerent
1814 3315 1898 3323 —
1935 3279 2009 3340 ut
2052 3276 2307 3342 Laelius
2343 3277 2695 3342 Archelaus
2731 3275 2980 3342 Vectius·

741 3413 862 3475 que
906 3392 1316 3457 Philocomus
1360 3391 1566 3456 Lucili
1612 3396 1864 3457 saturas
1900 3392 2325 3457 familiaribus
2368 3394 2500 3459 suis
2546 3391 2669 3479 (ita
2701 3390 2981 3456 Heusdius

741 3508 904 3571 stud.
950 3508 1087 3573 crit.
1139 3508 1209 3573 in
1252 3507 1403 3572 Luc.
1458 3529 1564 3593 pg.
1608 3509 1723 3592 46,
1777 3508 1959 3592 epist.
2015 3508 2097 3572 ad
2152 3506 2219 3573 C.
2273 3508 2375 3573 Fr.
2428 3507 2861 3573 Hermannum
2904 3502 2981 3585 15,

738 3623 1052 3706 probante
1089 3622 1439 3688 Ritschelio
1476 3646 1611 3706 par.
1647 3623 1842 3707 praef.
1879 3622 2084 3708 XVII,
2128 3622 2544 3688 familiaris
2592 3624 2708 3688 sui
2753 3617 2980 3704 scripti),

741 3759 899 3821 quas
962 3738 1195 3822 legisse
1259 3760 1327 3803 se
1390 3738 1560 3822 apud
1615 3738 2009 3803 'Archelaum
2067 3738 2410 3823 Pompeius
2472 3737 2786 3823 Lenaeu8‚
2814 3764 2818 3767 ⁴
2844 3732 2978 3819 apud

739 3851 1183 3918 Philocomum
1226 3852 1523 3918 Valerius
1569 3852 1732 3919 Cato
1776 3855 2164 3939 praedicant.

1659 3968 1873 4035 XLIII
1917 3967 2098 4057 [178]

918 4082 1090 4148 Suet.
1134 4084 1213 4147 de
1258 4084 1485 4149 illustr.
1524 4105 1794 4170 gramm.
1838 4087 1944 4150 14:
1990 4085 2179 4151 huius
2226 4083 2460 4169 (Curtii
2494 4081 2747 4170 Niciae)
2782 4085 2850 4148 de
2880 4080 2976 4145 Lu·

741 4200 886 4264 cilio
941 4198 1143 4263 libros
1197 4198 1392 4262 etiam
1449 4198 1685 4265 Santra
1739 4197 2054 4285 (Santra
2105 4222 2191 4284 v.,
2251 4199 2387 4264 cdd.
2443 4203 2706 4284 satyra
2755 4181 2846 4264 vel
2887 4218 2976 4260 sa·

740 4311 946 4399 tura)
994 4315 1385 4398 comprobat.
