3267 5075
640 395 893 460 XXXVI
1092 385 1620 455 QUAEs'rmNUM
1658 371 2217 442 LuoiLiANARUM
2252 385 2486 441 LIBER.

639 561 736 620 bri
770 580 823 621 a.
859 560 1125 637 proxime
1162 560 1351 636 elapsi
1385 559 1843 632 accuratissime,
1882 560 1953 617 ut
1986 557 2225 630 assolet,
2264 556 2535 615 contulit.
2594 572 2748 629 quae
2779 554 2936 613 ‘satis

640 670 1032 745 neglegenter
1049 666 1318 726 adhibita
1344 686 1382 726 a
1405 666 1836 727 Basiliensibus
1856 663 2076 740 partim
2095 662 2515 739 Lugdunensis
2543 662 2775 738 prioriS,
2804 681 2940 738 par-

640 773 753 833 tim
771 773 1090 833 Bernensis
1114 775 1195 832 83
1227 776 1322 834 est
1349 773 1575 847 similis,
1603 775 2010 848 quem-tamen
2027 757 2375 847 integritate
2393 770 2652 828 multum
2673 771 2936 843 superat.

640 881 904 938 ceterum
941 898 1016 938 ex
1049 879 1380 954 collatione,
1420 899 1601 956 quam
1637 877 1965 939 Novembri
2000 896 2203 937 mense
2240 877 2455 953 accepi,
2503 876 2797 951 quaedam
2842 874 2940 933 hic

639 985 762 1044 illic
789 988 1067 1061 excerpta
1093 986 1158 1046 in
1183 989 1539 1063 apparatum
1567 985 1840 1045 criticum
1866 984 2107 1043 inserui.
2143 1016 2218 1025 —

816 1092 1086 1169 Denique
1122 1093 1214 1153 bis
1253 1094 1510 1154 semelve
1537 1092 1713 1152 inieci
1739 1091 2102 1151 mentionem
2138 1092 2492 1149 lemmatum
2526 1093 2940 1165 excerptorum

640 1217 714 1257 ex
739 1199 950 1273 Nonio,
988 1219 1141 1276 quae
1167 1201 1455 1277 leguntur
1488 1200 1553 1259 in
1578 1200 1928 1258 membrana
1953 1197 2345 1288 Lugdunensi
2377 1216 2527 1257 saec.
2555 1196 2720 1270 VIII,
2758 1215 2940 1272 quam

638 1306 823 1366 habes
853 1307 1215 1388 in‘catalogo
1245 1306 1524 1368 Geeliano
1572 1306 1935 1382 descriptam
1971 1299 2069 1382 pg.
2104 1304 2227 1365 156
2259 1323 2305 1364 s,
2333 1324 2391 1362 n.
2420 1305 2569 1363 496.
2615 1303 2691 1362 de
2719 1321 2790 1361 ea
2815 1302 2940 1377 ple-

638 1414 774 1474 nius
803 1414 926 1473 dixi
953 1414 1147 1474 annal.
1176 1414 1673 1491 philologicorum
1700 1432 1753 1472 a.
1788 1414 1956 1472 1866
1987 1431 2127 1488 pgg.
2162 1413 2306 1485 389,
2344 1413 2444 1470 90.

815 1521 1136 1581 Praeterea
1180 1521 1425 1580 adhibui
1461 1521 1567 1579 ubi
1603 1539 1753 1596 opus
1799 1520 2117 1580 videbatur
2157 1519 2441 1578 lectiones
2488 1517 2627 1576 libri
2665 1517 2938 1578 Monte·

638 1628 1036 1705 pessulani,
1083 1647 1232 1704 quas
1268 1628 1630 1688 Basilienses
1680 1628 1744 1685 in
1793 1627 2050 1686 editione
2095 1625 2289 1698 Nonii,
2336 1624 2737 1697 Harleiani,
2789 1641 2937 1699 quas

637 1735 1042 1794 Franckenius
1077 1734 1142 1792 in
1174 1729 1392 1794 ⁴studiis
1422 1734 1746 1794 Lucilianis
1775 1733 2103 1809 proposuit.
2160 1750 2313 1807 quae
2340 1731 2712 1791 Reuvensius
2747 1750 2819 1790 ex
2847 1750 2939 1790 co-

638 1842 765 1901 dice
800 1842 1069 1902 Parisino
1107 1841 1402 1917 excerpsit
1453 1842 1517 1899 in
1561 1839 1938 1901 collectaneis
1984 1840 2313 1914 litterariis,
2367 1840 2689 1898 admodum
2738 1837 2938 1913 exigui

639 1951 781 2007 sunt
807 1947 1003 2023 pretii.

813 2054 1107 2129 Deinceps
1135 2055 1553 2126 memorandus
1594 2054 1783 2113 liber
1818 2054 2354 2130 manuscriptus
2382 2052 2667 2111 Nicolai
2694 2051 2934 2124 Fabri,

637 2160 1029 2219 audacissime
1064 2160 1167 2218 ille
1206 2163 1269 2219 et
1303 2161 1620 2237 aliquando
1658 2160 2027 2236 ineptissime
2054 2158 2477 2235 interpolatus3
2516 2158 2610 2217 cui
2638 2179 2757 2219 non
2784 2160 2934 2218 mul-

636 2270 767 2326 tum
795 2267 953 2326 cedit
977 2266 1342 2343 inprobitate
1370 2267 1738 2328 Basiliensis.

814 2373 1016 2433 Etiam
1056 2373 1160 2432 ille
1201 2374 1383 2433 codex
1419 2374 1613 2449 Nonii,
1657 2394 1835 2452 quem
1878 2374 2130 2434 subinde
2172 2374 2320 2432 citat
2359 2372 2579 2462 Dousa,
2623 2377 2934 2449 suspectae

640 2481 779 2541 fidei
806 2483 868 2541 et
894 2479 970 2541 ob
998 2479 1061 2539 id
1090 2483 1265 2541 caute
1292 2481 1665 2543 adhibendus
1691 2482 1827 2543 fuit.

812 2588 886 2646 In
911 2587 1124 2647 Festo
1158 2591 1397 2664 praeter
1423 2592 1780 2666 apparatum
1808 2587 1875 2649 Ο.
1905 2589 2181 2650 Muelleri
2208 2608 2327 2649 non
2357 2588 2588 2648 inutilis
2617 2588 2735 2648 fuit
2761 2590 2931 2649 nobis

633 2696 873 2755 libellus
893 2714 1009 2771 quo
1031 2697 1265 2754 sextum
1285 2696 1579 2755 decimum
1597 2696 1814 2756 codicis
1842 2696 2069 2755 Farne
2082 2696 2267 2756 siani
2294 2696 2748 2771 quaternionem
2770 2716 2927 2755 nunc

635 2804 1013 2879 deperditum
1050 2821 1123 2861 ex
1168 2803 1529 2879 apographis
1586 2803 1817 2879 aliquot
1859 2803 2276 2862 reconcinnare
2320 2804 2554 2862 studuit
2595 2804 2704 2862 Th.
2747 2804 2935 2863 Mom-

639 2930 834 2970 senus.
890 2910 941 2968 is
971 2909 1193 2985 prodiit
1217 2908 1482 2968 Berolini
1516 2910 1703 2968 1864.

809 3017 896 3075 At
922 3017 986 3073 in
1011 3015 1235 3075 Paulo
1265 3018 1607 3091 excerptore
1632 3015 1799 3076 Festi
1826 3020 2065 3091 praesto
2095 3017 2213 3075 fuit
2238 3017 2408 3076 nobis
2438 3017 2703 3076 nondum
2731 3036 2933 3077 excus-

634 3144 736 3184 sus
773 3123 850 3183 ab
878 3123 1011 3182 aliis
1048 3121 1237 3181 liber
1272 3122 1780 3197 Lugdunensis
1819 3124 1924 3198 qui
1950 3125 2134 3182 habet
2160 3124 2311 3182 hanc
2348 3127 2578 3182 notam:
2620 3142 2729 3183 ms,
2758 3123 2930 3184 Voss,

633 3231 766 3292 Lat.
810 3230 876 3300 Q.
925 3232 1078 3306 1163
1131 3248 1310 3305 quem
1352 3230 1533 3288 etiam
1573 3229 1835 3289 Nonium
1882 3231 1987 3289 sed
2028 3231 2364 3291 breviatum
2406 3230 2707 3290 continere
2752 3249 2933 3306 supra

633 3338 973 3398 memoravi.
1035 3369 1110 3377 —
1172 3336 1621 3397 Monacensis
1674 3337 1815 3396 libri
1856 3339 1919 3395 et
1960 3336 2502 3396 Guelferbitani
2552 3356 2705 3412 quae
2747 3338 2931 3397 affero

632 3445 990 3518 testimonia,
1028 3443 1436 3518 Lindemanni,
1475 3444 1732 3504 hominis
1769 3444 2011 3503 minime
2048 3444 2325 3518 accurati,
2371 3444 2487 3504 fide
2524 3443 2636 3502 niti
2673 3445 2932 3504 monitos

632 3553 813 3613 velim
841 3552 1063 3611 doctos,
2461 3614 2470 3621 Ν

808 3657 1156 3717 Varronis
1211 3658 1426 3717 codicis
1482 3658 1890 3718 Florentini
1944 3658 2244 3731 lectioneS,
2302 3657 2506 3733 siquae
2550 3676 2719 3716 secus
2758 3661 2933 3717 erant

631 3766 874 3825 notatae
910 3763 987 3822 ab
1016 3761 1081 3822 Ο.
1111 3762 1401 3825 Muellero
1446 3797 1520 3805 —
1566 3784 1672 3824 eae
1700 3784 1842 3825 sane
1879 3766 2046 3825 fuere
2082 3764 2474 3842 paucissimae
2517 3796 2613 3837 -—,
2653 3766 2934 3841 suppedi-

630 3871 784 3932 tavit
809 3870 1348 3930 Wilmannsius.

808 3976 1031 4037 Gellii
1059 3976 1327 4035 codicum
1353 3975 1639 4039 lectiones
1668 3980 1947 4040 hortante
1976 3979 2235 4041 Martino
2261 3978 2520 4053 Hertzio,
2550 3979 2654 4056 qui
2673 3998 2932 4042 commo-

629 4085 818 4158 darat,
838 4084 1092 4143 utendas
1111 4083 1282 4143 nobis
1311 4084 1604 4144 concessit
1629 4084 1933 4146 Iacobus
1962 4085 2350 4160 Beckerus,
2380 4087 2474 4147 vir
2492 4086 2932 4148 Luciliiaman-

627 4192 913 4265 tissimus,
962 4190 1129 4261 cuius
1177 4190 1451 4266 equidem
1499 4195 1840 4251 saturarum
1885 4192 2167 4268 reliquias
2211 4194 2424 4252 edendi
2466 4194 2780 4253 consilium
2824 4195 2931 4255 diu

628 4298 922 4374 agitatum
963 4298 1106 4357 olim
1147 4297 1460 4356 abiecerat.
1530 4299 1775 4358 adfuere
1816 4304 2019 4361 autem
2053 4300 2116 4358 in
2153 4301 2450 4375 prioribus
2487 4301 2657 4359 libris
2690 4306 2930 4376 septem

628 4404 1020 4479 manuscripti
1047 4403 1135 4461 hi:
2423 4400 2434 4410 ‘
