3267 5075
1312 377 1531 434 LIBER
1568 378 1764 434 XXVI.
2300 428 2305 435 .
2556 376 2684 443 24‘.)

377 552 654 625 flacitam
699 547 974 605 subtracta
1018 565 1077 616 e;
1126 548 1196 605 cl'.
1241 547 1296 605 d.
1343 565 1385 604 r.
1417 564 1488 604 m.
1525 547 1666 606 360,
1715 577 1794 586 —
1838 548 2115 620 nucitum,
2164 556 2223 604 ιιι
2267 548 2471 620 οὸἱιαε,
2515 565 2686 606 occa-

380 653 490 694 sus
538 635 642 703 al.;
695 636 800 691 vid.
844 641 960 691 not.
1006 632 1071 691 ad
1116 634 1176 705 ll,
1229 633 1325 691 19.

513 731 526 737 “
563 720 667 776 42.
740 719 929 776 irridet
971 718 1105 775 illud
1149 720 1654 791 monstrificabil63
1699 726 1760 775 ut
1804 717 1928 774 alibi
1972 718 2023 774 id
2072 719 2216 792 quod
2249 726 2334 775 est
2379 723 2686 776 contemni-

378 810 575 881 ficu83
621 813 678 862 et
720 805 936 861 Persius
981 804 1193 861 Pacuvii
1236 805 1627 877 luctificabile.

563 889 667 947 43.
744 892 904 946 etiam
948 890 1093 946 hunc
1135 890 1587 963 versumtragici
1630 905 1753 945 esse
1797 896 1990 962 poetae
2023 886 2169 944 baud*
2196 890 2377 961 inepte
2410 890 2685 944 statueris.

379 982 542 1034 certe
588 974 680 1031 illa
731 991 849 1046 per
903 978 1067 1031 auris
1115 982 1323 1046 pectus
1378 978 1694 1047 inriyarier
1750 974 1918 1047 magis
1965 972 2107 1029 Accii
2154 972 2429 1028 Pacuviive
2489 974 2686 1028 tumori

383 1078 556 1136 quam
586 1058 778 1116 Lucilii
822 1061 1151 1116 conveniunt
1194 1057 1540 1133 simplicitati.
1611 1057 1743 1114 dixit
1788 1075 1916 1114 saue
1947 1057 2078 1113 Hor.
2113 1075 2197 1129 ep.
2230 1057 2271 1128 l,
2303 1057 2364 1129 8,
2399 1057 2475 1113 16
2509 1074 2689 1129 prue-

382 1152 625 1218 ceplum
668 1145 956 1202 instillare
1000 1147 1301 1215 auriculis,
1348 1143 1443 1199 sed
1489 1142 1714 1199 videnda
1759 1158 1898 1216 quae
1942 1159 2044 1198 scr.
2094 1141 2298 1199 Ritsch.
2343 1159 2412 1197 m.
2461 1141 2691 1211 Rh.1x,

381 1230 538 1288 476.
586 1258 675 1270 —-
711 1247 773 1302 p.
821 1233 958 1300 inr.,
1002 1231 1074 1285 ita
1105 1228 1338 1285 Lucilius
1383 1229 1500 1301 ipse
1542 1244 1694 1302 quae
1739 1243 1836 1284 res
1877 1242 1966 1283 me
2007 1229 2294 1299 inpendet.

566 1313 669 1370 44.
745 1315 903 1370 etiam
949 1314 1037 1370 hic
1082 1331 1269 1370 versus
1316 1314 1576 1387 tragicum
1623 1311 1821 1385 aliquid
1869 1313 2066 1385 spirat,
2123 1320 2183 1367 ut
2225 1311 2436 1367 Pacuvii
2484 1312 2692 1367 Acciive

383 1409 667 1459 tumorem
709 1398 925 1455 irrideri
969 1415 1035 1455 eo
1080 1406 1349 1472 appareat.
1428 1399 1653 1453 maxime
1696 1404 1970 1472 postrema
2017 1398 2118 1456 tria
2162 1394 2322 1453 verh'a
2353 1395 2692 1470 displicuisse

385 1484 606 1541 Lucilio
653 1484 970 1540 existimem.
1601 1510 1612 1515 α

569 1566 675 1626 45.
749 1572 934 1626 victus
980 1572 1079 1638 vei,
1128 1573 1442 1640 superatus
1480 1568 1750 1640 proeliz'33
1793 1566 2095 1640 asyndeton
2129 1574 2188 1622 ut
2227 1583 2387 1639 saepe
2417 1565 2559 1621 alibi.
2609 1596 2694 1607 —-

385 1659 447 1712 in
498 1672 652 1728 quo3
695 1654 771 1708 ita
816 1651 1039 1709 barbare
1072 1652 1224 1722 libri3
1270 1651 1402 1708 illud
1447 1656 1504 1708 in
1551 1669 1612 1707 ex
1649 1652 1904 1726 proximis
1936 1652 2092 1707 Nonii
2125 1650 2299 1707 verbis
2329 1652 2570 1724 irrepsit,
2603 1650 2690 1707 uhi

273 1734 286 1739 ⁹
387 1748 508 1796 est:
559 1737 830 1810 Vergilius
873 1737 964 1793 lib.
1012 1738 1076 1793 Xl
1122 1738 1401 1793 infantem.
1445 1767 1531 1778 -—-
1587 1745 1847 1809 quantum
1894 1736 1957 1792 ad
2004 1752 2148 1808 rem,
2207 1743 2261 1791 et
2307 1735 2486 1791 Livius
2541 1737 2578 1791 l.
2627 1735 2691 1790 lx
2742 1744 2749 1752 ·

386 1823 525 1881 dicit
571 1841 630 1896 p.
675 1822 736 1877 R.
785 1824 886 1885 etsi
930 1822 1081 1878 nullo
1127 1821 1293 1892 hello,
1338 1821 1523 1877 multis
1571 1829 1743 1876 tamen
1790 1821 2009 1894 proeliis
2053 1822 2271 1876 victum.

567 1907 672 1966 46.
748 1907 1022 1962 verissime
1069 1906 1289 1962 hercule
1333 1905 1701 1961 Lachmannns
1746 1922 1938 1961 comm.
1974 1904 2130 1960 Luer.
2165 1904 2286 1962 329
2334 1906 2545 1960 monuit
2589 1905 2692 1959 No·

388 1995 544 2049 nium
592 1992 755 2048 solita
798 1991 1028 2048 stultitia
1076 2008 1230 2047 usum
1287 1990 1606 2046 adieetivum
1662 1999 1851 2064 putare
1906 2007 2103 2045 nomen
2158 1989 2303 2062 quod
2361 1988 2523 2045 suerit
2569 1989 2692 2044 sub·

387 2079 691 2134 stantivum
737 2084 793 2131 et
835 2078 1116 2150 proprium
1164 2076 1411 2132 hominiS.
1486 2074 1752 2130 sedidem
1798 2091 1908 2130 non
1953 2076 2122 2147 magis
2153 2075 2452 2130 sententiae
2483 2075 2694 2130 veritati

390 2164 509 2219 sive
555 2163 717 2218 metri
763 2161 1061 2234 elegantiae
1107 2178 1263 2234 quam
1310 2159 1614 2217 traditionis
1662 2157 1784 2215 [idei
1827 2159 2103 2215 consuluit
2147 2157 2460 2214 scribendo:

656 2297 846 2346 contra
892 2288 1154 2363 flagitium
1199 2292 1417 2346 nostrae
1461 2306 1520 2345 re
1564 2288 1709 2346 bello
1756 2289 1893 2345 vinci
1937 2306 1967 2344 a
2011 2288 2274 2361 barbaro,

660 2375 932 2447 Viriatho,
980 2373 1289 2431 Hannibale.

394 2504 545 2581 quod
595 2505 740 2561 enim
786 2503 1046 2577 flagitium
1092 2503 1194 2560 suit
1222 2503 1584 2561 Romanorum
1631 2503 1697 2560 ab
1728 2502 2019 2560 Hannibale
2063 2504 2218 2576 vinci,
2265 2519 2425 2577 quem
2470 2504 2693 2558 summis

392 2590 696 2647 cuiuslibet
739 2590 929 2647 aetatis
986 2588 1212 2645 ducibus
1268 2589 1687 2661 comparandum
1742 2605 1861 2645 esse
1906 2590 2008 2662 ipsi
2066 2587 2193 2644 fassi
2246 2596 2378 2644 sunt
2434 2583 2531 2663 [cl‘.
2578 2588 2690 2643 Liv.

391 2675 554 2747 XXX,
604 2671 768 2749 30]z
829 2681 1104 2748 praeterea
1148 2691 1257 2730 non
1312 2674 1379 2728 ab
1421 2673 1714 2730 Hannibale
1759 2675 1928 2748 magis
1985 2690 2143 2746 quam
2191 2691 2218 2728 a
2266 2673 2502 2728 Viriatho
2547 2671 2692 2729 bello

395 2760 525 2817 victi
574 2767 708 2815 sunt
751 2758 860 2827 illi;
908 2765 1070 2831 atque
1115 2759 1247 2816 adeo
1292 2760 1408 2832 ipse
1452 2757 1690 2815 Lucilius
1737 2758 1841 2814 hoc
1883 2757 2021 2813 libro
2067 2773 2356 2833 numquam
2403 2757 2693 2830 populares

393 2862 530 2901 suos
574 2843 723 2899 bello
769 2852 1051 2917 superatos
1097 2860 1218 2900 esse
1263 2844 1455 2900 merito
1487 2843 1772 2917 gloriatur.
1847 2844 2029 2916 itaque
2059 2850 2280 2915 apparet
2310 2841 2539 2897 Nonium
2581 2842 2693 2898 sive

395 2947 524 2987 eum
571 2945 735 3003 quem
768 2929 1069 3001 exscripsit,
1115 2928 1242 2984 dum
1273 2926 1406 2983 illud
1438 2928 1639 2984 Viriato
1673 2927 1810 2983 salso
1840 2928 2285 3000 interpretantur,
2331 2925 2695 2999 adsumpsisse

396 3028 686 3089 perperam
732 3029 796 3069 ex
841 3011 1192 3085 sequentihus
1249 3010 1643 3068 substantivum
1689 3011 1832 3068 unde
1877 3011 2137 3085 penderet
2181 3011 2502 3067 adiectivum
2547 3011 2692 3085 quod

397 3098 700 3156 videretur.
791 3105 845 3153 at
888 3098 1030 3154 enim
1075 3097 1339 3154 Lucilium
1383 3105 1533 3154 certo
1578 3096 1825 3170 spondeo
1870 3096 2081 3152 dedisse
2130 3103 2319 3170 utputa
2366 3097 2523 3152 haec:

664 3234 852 3282 eontra
898 3224 1161 3300 flagitium
1207 3226 1415 3281 nescire
1459 3224 1694 3298 bellum,
1740 3226 1878 3281 vinci
1923 3242 1953 3279 a
1997 3224 2223 3281 barbaro

662 3311 897 3383 ViriatO,
944 3309 1240 3366 Hannibale
1286 3310 1496 3366 fuerant
1542 3312 1636 3385 qui
1682 3312 1994 3384 superiores
2041 3310 2193 3366 (luce.

398 3442 596 3498 similis
640 3439 800 3496 Nonii
842 3430 1102 3514 ἆβλεψία
1158 3445 1218 3494 ιιι
1261 3441 1474 3517 saepius
1530 3438 1880 3510 observatur,
1934 3440 2008 3495 ita
2062 3440 2116 3494 in
2154 3437 2268 3493 -illo
2324 3436 2513 3493 Lucilii
2570 3443 2697 3512 quis

397 3528 560 3584 hunc
605 3540 851 3582 currere
894 3540 1057 3581 ecum
1107 3540 1213 3581 nos
1257 3530 1431 3597 atque
1475 3527 1738 3598 equitare
1779 3525 2049 3595 videmus,
2092 3524 2184 3579 his
2228 3527 2445 3597 equitat
2484 3528 2695 3581 currit·

400 3627 515 3686 que
562 3612 769 3667 oculis.
899 3601 907 3609 '

576 3694 680 3750 47.
748 3709 1062 3767 percrepa,
1095 3693 1158 3749 ad
1191 3693 1389 3750 Musam
1421 3711 1715 3750 conversus
1746 3696 1847 3749 ait.
1883 3722 1965 3733 -—
1999 3710 2261 3767 pugnam
2296 3694 2498 3766 Popili,
2525 3694 2697 3765 facta

404 3781 659 3837 Corneli.
750 3774 845 3834 ‘M.
887 3778 1148 3852 Popillius
1194 3778 1394 3835 Laenas
1438 3779 1650 3853 proelio
1697 3781 1868 3835 victus
1914 3786 1997 3834 est
2040 3796 2067 3833 a
2112 3778 2449 3834 Numantinis
2478 3797 2525 3837 a.
2558 3796 2606 3835 a.
2637 3797 2694 3835 u.

402 3884 451 3923 c.
499 3863 644 3934 616,
677 3862 891 3938 *bellum
937 3862 1219 3921 Africanus
1276 3864 1510 3920 confecit
1554 3862 1705 3920 621⁹
1761 3862 1944 3922 Lchm.
1993 3880 2187 3919 comm.
2244 3861 2401 3919 Lucr.
2450 3863 2488 3918 l.
2538 3880 2694 3919 mem.

403 3982 490 3990 —-
538 3949 797 4012 Corneli,·
843 3947 910 4005 P.
958 3947 1150 4021 Scipio
1193 3949 1574 4019 Aemilianus,
1622 3949 1951 4021 Africanus
1992 3952 2206 4018 minor,
2267 3949 2480 4003 maioris
2527 3963 2697 4020 nepos

404 4034 717 4106 adoptivus,
763 4048 914 4089 conS.
946 4049 995 4088 a.
1031 4032 1177 4105 607,
1210 4034 1302 4107 qui
1332 4032 1706 4107 Carthaginem
1748 4039 1803 4089 et
1844 4032 2181 4089 Numantiam
2227 4030 2447 4103 delevit,
2494 4033 2696 4087 amicus

403 4119 463 4174 C.
495 4117 661 4175 Laelii
691 4125 747 4174 et
778 4118 984 4191 optimo
1015 4119 1212 4191 cuique
1242 4115 1520 4191 probatus,
1586 4118 1729 4173 idem
1759 4117 1954 4174 litteris
1986 4117 2145 4191 plene
2184 4115 2421 4172 imbutus
2453 4124 2508 4171 et
2539 4115 2695 4170 Grae·

403 4203 487 4261 cis
532 4211 588 4259 et
630 4202 830 4258 Latinis
890 4219 1010 4258 cum
1068 4201 1158 4258 diu
1216 4204 1492 4276 egregiam
1547 4219 1766 4276 operam
1820 4201 1947 4258 belli
2002 4202 2258 4274 domique
2301 4217 2346 4255 r.
2396 4218 2448 4273 p.
2496 4199 2561 4255 R.
2607 4217 2698 4255 na-

404 4296 607 4362 vasset,
652 4304 699 4343 a.
749 4286 872 4344 625
918 4287 1166 4344 factionis
1213 4294 1274 4343 ut
1316 4286 1609 4361 putabatur
1654 4286 1935 4362 popularis
1977 4285 2184 4343 insidiis
2216 4300 2512 4359 oppressus
2557 4285 2696 4341 diem

405 4372 565 4449 obiit.
651 4372 751 4432 alia
796 4371 865 4428 de
908 4388 973 4430 co
1020 4372 1323 4428 notavimus
1366 4372 1431 4428 ad
1478 4371 1565 4445 Xl,
1614 4372 1714 4431 10.
