3267 5075
1247 353 1469 407 LIBER.
1505 354 1571 443 X?
1608 354 1702 407 XI.
2539 354 2628 418 55

1341 514 1469 580 VH
1516 518 1612 597 [1]

421 632 464 696 5
1743 632 2131 699 bonorumet

505 746 812 812 iudicium
858 746 1111 812 Crassis
1119 797 1139 832 ,
1186 746 1353 813 sicui,
1398 747 1841 814 discribsimus
1889 750 2067 834 ante3

505 862 628 928 hoc
674 866 797 928 est:
845 863 999 948 quid
1045 886 1323 949 sumam,
1369 864 1523 949 quid
1567 863 1746 930 non?
1794 863 1864 929 in
1909 887 2162 952 quoque
2206 865 2533 931 locemus?

1322 978 1484 1045 VIII
1531 980 1627 1061 [3]

506 1095 798 1180 quamvis
846 1094 1140 1160 desubito
1186 1095 1375 1160 trinis
1421 1095 1731 1161 deducere
1778 1096 1983 1161 scalis,

1357 1210 1451 1275 IX
1498 1212 1594 1293 [2]

503 1348 670 1410 pone
716 1327 1057 1412 paludatos
1103 1327 1320 1393 siabat
1362 1324 1628 1391 rorariu'
1675 1327 1878 1392 velox·

1369 1441 1431 1505 X
1476 1443 1572 1523 [7]

378 1558 457 1622 10
502 1559 633 1622 ‘nel
709 1580 900 1643 quem
945 1559 1015 1624 in
1061 1580 1205 1623 arce
1249 1559 1482 1624 bovem
1528 1557 1888 1643 discerpsi'l
1943 1560 2285 1645 magnifice
2331 1561 2558 1645 inquii.

1220 1757 1547 1831 LIBER
1597 1757 1720 1831 XI.

1344 1932 1378 1996 Ι
1454 1934 1489 1997 7
1551 1956 1590 1997 a

498 2049 852 2111 conventus
898 2047 1195 2134 pulcher,
1242 1935 1472 2114 bracale
1481 1935 1519 2133 ,]
1547 2069 1707 2134 saga
1749 2048 2023 2135 fulgere,
2066 2052 2329 2135 torques

497 2161 708 2227 induti
751 2164 993 2249 magni.

804 2267 817 2274 ‘¹
1301 2278 1369 2344 Π
1413 2279 1556 2363 [15]
1586 2279 1629 2345 b

494 2395 622 2461 huc
667 2395 780 2461 ubi
826 2417 1203 2461 concessum
1248 2396 1572 2482 pellesque
1616 2397 1692 2460 ut
1734 2375 1804 2460 in
1849 2394 2073 2460 ordine
2116 2397 2350 2463 tentae.

319 2591 624 2655 Mercerus)
659 2592 754 2643 lib.
793 2592 844 2640 X
880 2591 951 2656 (X
988 2609 1057 2642 m.
1095 2595 1127 2642 2
1162 2591 1279 2646 add.
1320 2593 1380 2642 in
1413 2593 1462 2644 L
1504 2593 1547 2655 1,
1584 2607 1687 2644 om.
1729 2589 1897 2655 Gem).
2035 2591 2141 2643 VH
2219 2594 2359 2645 Non.
2395 2597 2512 2656 396,
2554 2598 2614 2645 12

320 2675 363 2714 s.
397 2678 449 2712 v.
489 2676 742 2713 sumere
778 2687 847 2696 —
882 2659 1195 2712 Lucilius
1242 2665 1545 2726 satyrarum
1580 2660 1675 2711 lib.
1710 2660 1796 2712 111
1835 2687 1894 2696 —
1930 2658 2163 2712 Plautus
2199 2688 2263 2698 —
2300 2662 2613 2715 Lucilius

318 2733 624 2793 satyrarum
657 2728 754 2780 lib.
791 2727 858 2779 X.
958 2728 1095 2780 VIII
1154 2729 1291 2779 Non.
1327 2730 1444 2792 517,
1485 2730 1547 2780 13
1582 2727 1897 2779 desubito
1934 2755 1999 2764 —
2035 2728 2358 2781 Lucilius
2394 2736 2612 2796 satyra-

317 2811 436 2847 rum
470 2796 564 2847 lib.
601 2796 666 2846 X.
771 2795 852 2846 IX
903 2797 1042 2848 Non.
1078 2797 1196 2858 552,
1225 2798 1288 2847 31
1326 2812 1371 2849 s.
1410 2814 1461 2847 v.
1496 2795 1760 2847 rorarii.
1830 2794 2140 2847 Lucilius
2176 2802 2483 2861 satyrarum
2515 2797 2609 2849 lib.

316 2864 423 2915 vn
446 2864 678 2915 -—‘idem
712 2864 805 2915 lib.
843 2863 912 2915 X.
1021 2863 1072 2912 X
1122 2863 1264 2915 Don.
1302 2863 1371 2914 ad
1404 2864 1526 2914 Ter.
1564 2863 1826 2914 Andriam
1860 2864 1932 2926 ΙΙ,
1972 2866 2017 2926 1,
2055 2866 2121 2913 24
2156 2880 2233 2915 ne
2266 2865 2401 2916 iste
2433 2865 2611 2917 haud

318 2947 567 2985 mecum
600 2934 851 2984 sentit:
888 2948 967 2982 ne
1000 2930 1161 2983 valde
1194 2936 1290 2982 aut
1327 2930 1751 2997 (haut,Paris.)
1787 2936 1851 2982 ut
1887 2931 2103 2998 quidam
2137 2931 2330 2984 volunt
2365 2949 2397 2985 o
2434 2950 2612 3000 quam.

317 3000 624 3053 Lucilius
658 3001 717 3051 in
753 3000 820 3050 X.

449 3069 485 3118 Ι·
521 3068 663 3120 Non.
682 3070 800 3131 227,
819 3071 884 3120 33
921 3073 1220 3134 torquem
1243 3067 1457 3132 generis
1478 3066 1785 3119 masculini.
1838 3066 2153 3120 Lucilius
2179 3073 2489 3133 satyrarum
2512 3069 2608 3121 lib.

316 3136 409 3186 XI.
444 3165 512 3172 —
551 3137 694 3187 idem
728 3138 855 3200 506,
894 3140 958 3187 14
994 3135 1264 3200 fulgere
1303 3140 1550 3201 correpta
1584 3150 1613 3185 e
1650 3133 1796 3200 (cdd.
1836 3134 2177 3201 correpte)
2230 3136 2608 3202 pro.fulgere.

315 3204 605 3255 Lucretius
628 3231 693 3240 —
718 3204 992 3255 Pacuvius
1015 3230 1082 3240 —-
1104 3203 1301 3255 Accius
1330 3231 1393 3239 —
1419 3202 1729 3256 Lucilius
1766 3209 2075 3270 satyrarum
2116 3203 2211 3255 lib.
2249 3204 2329 3256 XI
2367 3203 2441 3267 (X
2466 3207 2511 3254 L
2538 3204 2610 3270 2).

449 3273 503 3322 11
556 3273 694 3323 Non.
726 3273 838 3335 181,
863 3275 930 3324 25
965 3276 1150 3323 tenta
1184 3271 1387 3322 dictum
1420 3287 1520 3337 pro
1556 3276 1797 3323 extensa.
1838 3298 1905 3307 —
1941 3271 2234 3323 Lucretius
2265 3298 2332 3308 —
2370 3271 2509 3323 idem
2543 3298 2609 3309 -

483 3469 521 3527 5
565 3469 840 3526 honorum
884 3475 969 3525 est
1011 3467 1125 3541 Dp.
1300 3468 1338 3526 6
1382 3468 1525 3525 sicut
1568 3469 1654 3541 Μ,
1700 3475 1762 3524 ut
1805 3470 1934 3525 cdd.
1976 3496 2062 3508 —-
2114 3466 2481 3526 discrihsimus
2524 3469 2609 3543 M,

315 3553 655 3611 discribimus
701 3573 753 3612 v.
768 3578 789 3618 ;
832 3553 1214 3627 descripsimus
1257 3553 1372 3627 Dp.
1526 3554 1561 3610 7
1602 3553 1867 3627 fortasse
1909 3553 2085 3610 locem
2129 3568 2236 3609 res,
2372 3553 2408 3611 9
2453 3553 2607 3628 palu-

313 3690 468 3747 datos
509 3690 605 3763 M,
661 3689 948 3765 paludatus
996 3692 1124 3748 cdd.
1141 3714 1162 3756 ‚-
1225 3689 1540 3765 paludatum
1581 3690 1656 3752 D.
1713 3719 1798 3731 —-
1851 3659 2088 3765 rgrarius
2135 3688 2200 3746 G.
2418 3689 2500 3748 10
2540 3706 2611 3747 ne

312 3775 531 3849 Paris„
578 3778 667 3833 ed.
713 3776 911 3840 Rom.,·
952 3791 1052 3832 nae
1097 3777 1183 3832 ed.
1212 3778 1431 3848 μνίπω,
1481 3776 1613 3834 Ven.
1660 3804 1744 3815 --
1788 3790 1950 3849 quem
1987 3791 2091 3831 om.
2124 3774 2317 3832 Paris.
2361 3804 2449 3816 —
2492 3783 2608 3831 arte

314 3878 420 3918 om.
467 3862 525 3917 in
565 3863 792 3934 μνίπω,
838 3859 1002 3918 Rom.
1019 3885 1041 3925 ,·
1096 3858 1188 3917 ‘ne
1232 3877 1392 3933 quem
1436 3862 1491 3917 in
1536 3875 1658 3918 arce
1703 3875 1784 3918 ex
1823 3861 1990 3917 libris
2032 3864 2271 3934 scriptis
2310 3861 2610 3934 legendum

313 3942 423 4002 θεῖτ’
468 3947 748 4004 Faernus
792 3947 873 4003 ad
906 3948 1059 4019 prol.
1107 3946 1289 4003 Andr.
1341 3946 1441 4004 17.
1494 3975 1579 3986 —
1634 3943 1896 4019 discerpsi
1943 3963 2027 4017 v.‚
2083 3944 2345 4019 descripsi
2388 3945 2602 4015 Pari-3„

308 4033 530 4103 μνίπω,
589 4029 751 4099 Ven„
796 4029 960 4088 Rom.
1018 4073 1027 4079 .

484 4116 515 4173 1
577 4114 699 4173 227
759 4113 945 4172 braces
1002 4117 1127 4173 cdd.
1179 4122 1426 4188 praeter
1487 4114 1566 4186 G,
1620 4118 1682 4172 ίπ
1737 4132 1849 4190 quo
1904 4121 1991 4173 est
2044 4112 2289 4171 braches.
2345 4143 2421 4153 —
2492 4120 2605 4169 tor-

313 4216 448 4274 ques
491 4199 668 4258 induti
714 4201 896 4277 magni
936 4199 1020 4274 M,
1064 4209 1318 4275 torquem
1362 4199 1504 4257 datis
1547 4200 1731 4275 magni
1772 4201 1911 4257 libri
1950 4198 2096 4270 227,
2142 4206 2365 4273 torques
2423 4198 2605 4273 magni

311 4286 456 4342 idem
500 4284 644 4346 506.
700 4304 727 4328 ο
777 4285 816 4342 3
861 4286 969 4343 huc
1011 4287 1096 4359 Μ,
1140 4286 1229 4345 hic
1273 4304 1324 4345 v.
1367 4316 1452 4327 —
1498 4283 1689 4342 ordine
1732 4286 1906 4357 docti,
1952 4282 2170 4341 ordines
2213 4283 2261 4339 L
2296 4282 2353 4355 1,
2398 4282 2604 4340 ordinis

313 4371 418 4427 sed
455 4370 473 4427 i
516 4373 578 4428 in
622 4372 677 4427 e·
695 4377 913 4428 mutato
959 4370 1025 4428 G.

1096 4547 1157 4591 2¹⁸·
