3267 5075
638 368 869 424 LVSVS
906 369 1282 426 AMATORII.
1360 369 1525 426 SUEI
1563 369 1955 426 OARMINUM
1994 370 2383 437 RELIQUAE.
2520 370 2644 434 311

1471 533 1538 598 Π

536 688 945 711 „„„„„„„
988 642 1063 704 ut
1106 661 1300 725 quam
1343 639 1797 725 fragilissimus
1844 640 2039 705 alvos.

1455 753 1556 819 HI

536 860 812 926 fraxinu’
859 861 1016 927 fissa
1057 860 1238 927 ferox
1282 861 1539 927 infensa
1582 860 1969 926 infrenditur
2014 861 2195 927 00010.

533 1080 745 1148 Varro
792 1082 850 1147 d.
885 1083 926 1148 1.
962 1081 1033 1148 L.
1067 1082 1147 1167 V,
1184 1082 1269 1148 98
1315 975 1809 1169 haegarvigae
1853 1080 2133 1167 hostiae)
2180 1086 2331 1147 sunt
2377 1106 2647 1167 quarum

355 1198 423 1261 in
471 1197 802 1262 sacrificiis
849 1200 997 1262 exta
1041 1198 1111 1262 in
1157 1198 1302 1282 olla,
1347 1221 1484 1264 non
1525 1200 1597 1263 in
1641 1220 1797 1263 veru
1842 1199 2168 1282 cocuntur,
2213 1219 2372 1282 quas
2419 1201 2485 1263 et
2524 1200 2645 1264 Ac-

354 1313 488 1377 cius
538 1312 764 1377 scribit
816 1316 882 1377 et
932 1313 1003 1377 in
1045 1313 1392 1398 pontificiis
1438 1313 1620 1378 libris
1674 1312 1981 1378 videmus.
2035 1349 2119 1358 —-
2177 1312 2246 1377 in
2303 1314 2645 1380 annalibus

351 1427 526 1493 haud
574 1427 763 1492 dubie
809 1427 886 1492 de
934 1449 1011 1493 ea
1053 1449 1122 1535 re
1168 1428 1302 1514 egit
1345 1427 1598 1493 Accius.

1081 1625 1375 1698 LVSVS
1429 1624 1922 1699 AMATORII.

1026 1780 1365 1847 CARMIN
1365 1781 1426 1846 A
1507 1779 1967 1846 SATURNIA.

1477 1905 1512 1970 Ι

525 2020 657 2087 Cic.
703 2043 819 2105 pro
866 2021 1060 2085 Arch.
1110 2022 1209 2104 11,
1256 2021 1339 2085 27
1402 2019 1481 2086 D.
1526 2018 1793 2104 Brutus,
1849 2042 2136 2085 summus
2189 2021 2290 2085 vir
2335 2025 2400 2086 et
2441 2023 2639 2107 impe-

345 2139 550 2221 rator,
597 2136 781 2222 Acci,
827 2136 1199 2201 amicissimi
1246 2137 1370 2221 sui,
1425 2136 1816 2200 carminibus
1861 2136 2249 2219 templorum
2296 2159 2368 2202 ac
2414 2160 2639 2203 monu-

346 2254 713 2317 mentorum
769 2251 979 2316 aditus
1034 2251 1368 2316 exornavit
1421 2273 1702 2316 suorum.
1758 2288 1844 2298 -
1900 2251 2097 2316 001101.
2142 2236 2317 2317 Βο10.
2364 2253 2445 2318 ad
2488 2254 2551 2318 11.
2598 2256 2639 2319 l.

347 2368 483 2433 eius
530 2365 775 2453 (Bruti)
819 2367 1081 2432 nomine
1127 2365 1250 2451 (cd.
1295 2364 1622 2452 nomini)
1670 2363 1851 2432 Accii
1896 2371 2124 2450 poetae
2159 2368 2390 2453 tragici
2427 2372 2639 2434 exstat

343 2482 534 2567 liber,
609 2483 787 2548 cuius
851 2482 1162 2567 plurimos
1226 2503 1447 2547 versus
1522 2503 1682 2568 quos
1758 2480 2092 2548 Saturnios
2158 2483 2640 2569 appellaverunt

344 2599 664 2664 vestibulo
710 2599 934 2683 templi
978 2597 1206 2663 Martis
1253 2598 1704 2682 superscripsit
1747 2597 2005 2663 Brutus,

818 2797 1032 2871 SUEI
1086 2795 1599 2869 CARMINUM
1653 2795 2153 2882 RELIQUAE.

1289 2927 1555 3017 LIBER
1597 2951 1678 3018 V.

1465 3075 1502 3141 1

518 3241 559 3253 ..
609 3185 882 3251 redeunt
924 3183 1211 3250 referunt
1253 3206 1508 3249 rumore
1551 3185 1756 3268 petita
1800 3185 2077 3250 secundo

343 3354 491 3404 cius
527 3353 585 3403 in
620 3352 910 3404 annalibus
947 3352 1060 3402 suis
1096 3351 1298 3403 referat
1331 3353 1416 3404 his
1455 3352 1717 3404 versibus.
1889 3353 1946 3402 11
2000 3352 2140 3404 Non.
2183 3355 2296 3416 193,
2334 3355 2401 3403 23
2437 3353 2632 3405 alvus

339 3449 406 3458 —
444 3419 765 3472 masculine.
825 3420 1071 3471 Accius
1106 3419 1395 3471 annalibus
1431 3419 1895 3482 (annibalibus
1932 3420 1978 3469 L
2006 3419 2056 3485 1)
2094 3425 2179 3470 ‘ut
2204 3447 2268 3456 ——
2293 3420 2458 3474 alvo’.
2530 3421 2629 3472 sed

341 3487 564 3553 (alvos
602 3492 669 3538 et
706 3488 963 3552 Rothius)
1000 3487 1142 3538 alius
1182 3487 1402 3551 (alvus
1438 3504 1505 3537 m.
1547 3491 1572 3537 1
1612 3489 1660 3537 L
1689 3491 1734 3550 1,
1769 3487 1838 3537 id.
1875 3504 1944 3540 m.
1983 3490 2015 3537 2
2051 3486 2244 3551 aliis)
2281 3489 2630 3538 auctoritatis

339 3558 601 3608 obscurae
635 3556 827 3606 ‘Maia’
865 3572 913 3607 0.
955 3572 1007 3621 q.
1034 3572 1077 3607 s.
1124 3581 1191 3590 —
1236 3555 1549 3608 Priscianus
1584 3558 1684 3607 718
1727 3556 1991 3620 excipitur
2030 3555 2171 3605 hacc
2216 3555 2439 3619 alvus,
2486 3556 2632 3621 quod

338 3629 557 3675 veteres
590 3623 904 3690 frequenter
937 3622 1241 3675 masculino
1276 3637 1471 3688 genere
1514 3624 1875 3687 protulerunt.
1946 3624 2194 3675 Accius
2237 3623 2296 3673 in
2337 3623 2629 3676 annalibus

339 3690 443 3742 ‘ut’
480 3707 527 3742 e.
563 3708 615 3757 q.
643 3706 686 3741 s.
722 3719 785 3727 —
824 3690 893 3741 cf.
931 3692 1096 3742 Char.
1134 3693 1216 3742 61.
1263 3690 1487 3756 alvum
1512 3723 1577 3732 —
1600 3689 1903 3742 masculine
1934 3718 1997 3725 —
2021 3691 2265 3741 Accius
2299 3689 2627 3757 frequenter.

472 3759 559 3809 111
615 3760 931 3822 Priscianus
957 3761 1054 3809 710
1079 3758 1295 3824 quidam
1319 3762 1497 3809 tamen
1519 3763 1770 3809 veterum
1805 3762 1863 3809 et
1893 3759 2000 3809 hoc
2036 3773 2166 3808 ossu
2189 3762 2244 3808 et
2266 3759 2371 3809 hoc
2406 3774 2516 3810 oss
2533 3775 2627 3809 um

339 3826 683 3892 proferebant
724 3826 867 3877 unde
904 3826 1182 3877 Pacuvius
1222 3854 1281 3862 —
1319 3827 1563 3876 Accius
1599 3841 1727 3876 vero
1765 3827 1823 3875 in
1858 3826 2169 3877 annalibus.

477 3896 505 3945 I
562 3894 802 3944 Macrob.
840 3898 942 3944 sat.
972 3894 1067 3956 VI,
1096 3896 1142 3956 1,
1167 3897 1232 3946 37
1271 3894 1340 3944 ad
1374 3894 1542 3958 Vei-g.
1577 3908 1695 3944 aen.
1729 3893 1883 3956 V111,
1918 3897 1986 3945 90
2020 3898 2173 3959 ‘ergo
2209 3894 2317 3944 iter
2352 3894 2627 3959 inceptum

337 3967 612 4028 peragunt
647 3977 859 4012 rumore
893 3962 1176 4013 secundo’:
1213 3960 1457 4013 Sueius
1495 3962 1595 4028 (ita
1616 3961 1973 4026 Anglieanus‚
2011 3961 2301 4026 Neapolit.,
2340 3962 2626 4012 Suevius

255 4081 264 4088 ,
337 4028 540 4095 Paris.)
575 4031 634 4080 in
668 4028 809 4080 libro
845 4030 1052 4096 quinto.

514 4191 548 4248 7
594 4189 753 4249 alvus
793 4191 929 4248 libri
966 4163 1263 4247 Prisciani
1270 4214 1289 4255 ,·
1332 4192 1494 4263 apud
1535 4191 1782 4248 Nonium
1826 4193 1965 4264 quid
2003 4194 2076 4248 sit
2120 4192 2395 4247 traditum
2440 4181 2624 4262 supra

334 4280 549 4335 notavi.
724 4275 762 4332 8
808 4274 910 4331 fixa
953 4276 1153 4350 [τιθείη
1200 4275 1443 4333 Carolir.
1494 4306 1569 4315 -
1618 4275 1948 4331 infrenditur
1990 4275 2081 4341 M,
2128 4274 2411 4330 infinditur
2455 4293 2504 4331 v.

515 4362 546 4416 1
596 4377 814 4416 rumore
857 4362 1026 4433 petita
1071 4360 1152 4433 M,
1195 4361 1366 4433 petita
1408 4377 1627 4416 rumore
1674 4362 1800 4421 cdd.
