3267 5075
683 448 917 506 mnsx
952 451 1213 506 RERUM
1252 451 1712 505 NOTABILIUM
1752 452 1828 505 m
1870 448 2444 505 COMMENTARHS.
2588 433 2716 510 369

417 614 622 665 Lucilii
644 614 874 664 eruditio
900 616 1024 675 298;
1066 628 1157 664 ars
1185 614 1408 662 metrica
1430 614 1548 662 291.
1615 629 1647 662 o
1685 629 1782 678 pro
1820 630 1856 663 u
1894 617 2155 679 sequente
2190 628 2230 680 ιι
2261 610 2350 660 vel
2384 612 2404 659 i
2440 613 2557 660 250.

487 682 693 748 placita
717 682 786 731 ad
809 680 1259 746 orthographiam
1291 687 1350 732 et
1374 693 1548 744 gram-
1616 696 1842 732 occasus
1879 683 1993 731 201.

489 750 747 801 maticam
782 750 1089 814 spectantia
1124 750 1409 798 221-228,
1484 747 1554 796 L.
1616 748 1761 800 olere
1796 752 1912 800 236.

506 834 667 883 quam
701 823 846 868 recte
880 819 1134 868 inventor
1169 821 1392 868 saturae
1416 815 1558 865 dica·
1615 816 1882 867 olerorum
1918 820 2033 867 219.

509 892 598 936 tur
641 889 760 939 295.
829 886 1082 950 frequens
1124 884 1385 935 diverbiis
1437 886 1557 933 292.
1615 885 1744 934 olim
1779 887 1838 936 in
1874 886 2278 954 comparatione
2313 887 2431 937 202

503 969 704 1019 graeca
724 954 914 1005 latinis
938 954 1170 1004 miscens
1196 955 1312 1003 294.
1365 952 1552 1003 verbo·
1616 952 1716 1002 olli
1750 947 1989 1004 alienum
2026 969 2059 1002 a
2093 947 2155 1006 L
2183 955 2306 1014 244·
2344 951 2411 1005 cf.
2449 954 2575 1013 228,
2613 953 2732 1002 229.

503 1038 623 1073 rum
647 1037 757 1072 non
776 1036 976 1088 parcus
996 1023 1114 1072 292.
1164 1020 1308 1071 modi
1332 1019 1559 1071 tenendi
1616 1036 1822 1071 omnem
1857 1037 1968 1071 rem
2003 1023 2119 1071 256.

503 1105 691 1156 parum
761 1105 967 1157 gnarus
1036 1090 1154 1140 294.
1256 1103 1373 1139 mos
1436 1088 1554 1138 eius
1615 1117 1671 1125 —
1700 1105 1760 1138 or
1797 1106 1893 1154 pro
1919 1117 1982 1125 —
2009 1104 2073 1139 us
2109 1089 2167 1138 in
2204 1088 2588 1153 comparativis
2614 1089 2734 1139 239.

501 1157 762 1239 exemplis
787 1159 923 1209 vitia
958 1156 1183 1207 notandi
1205 1158 1324 1207 293.
1396 1171 1553 1220 aspe·
1613 1172 1675 1208 os
1712 1157 1914 1222 pugilis
1950 1160 2067 1208 281.

501 1227 639 1278 ritas
675 1228 791 1278 295.
859 1225 1085 1275 libertas
1117 1227 1234 1278 291.
1298 1224 1362 1274 L.
1388 1225 1554 1273 inter·
1611 1252 1675 1260 —
1714 1241 1775 1275 os
1812 1230 2067 1275 truncata
2103 1240 2128 1274 s
2171 1226 2286 1273 217.

500 1294 627 1344 dum
672 1294 819 1345 risus
863 1292 1116 1357 captandi
1160 1290 1406 1355 cupidior
1437 1293 1554 1341 293.
1611 1299 1917 1343 ostrearum
1952 1307 2104 1343 amor
2137 1292 2336 1342 nimius
2372 1294 2489 1343 223.

499 1362 644 1412 haud
697 1377 818 1411 iaro
863 1359 1034 1411 altius
1087 1361 1242 1410 insui·
1283 1374 1380 1409 ens
1434 1361 1554 1411 292.
1610 1375 1683 1411 ou
1717 1363 1844 1423 2733
1883 1359 2000 1411 274'.

456 1465 463 1471 ·
497 1431 614 1480 eius
657 1429 943 1480 urbanitas
989 1433 1044 1478 et
1097 1426 1247 1479 subti
1273 1427 1379 1478 ‘tas
1429 1429 1551 1487 1913

496 1500 611 1549 295.
669 1499 731 1548 L.
763 1497 1053 1547 sententiis
1088 1495 1384 1545 moralibus
1410 1493 1554 1544 haud
1609 1496 1985 1559 Pacideianus,
2023 1513 2133 1547 non
2166 1495 2545 1547 Placideianus
2582 1497 2698 1546 209.

496 1564 808 1630 infrequens
851 1567 968 1619 298.
1040 1562 1379 1629 popularitas
1427 1565 1552 1623 295;
1607 1566 1837 1616 Pacuvii
1872 1570 2087 1617 saturae
2124 1567 2240 1614 295.

500 1636 618 1684 296.
678 1633 792 1683 eius
816 1632 1048 1682 iambica
1070 1637 1126 1682 et
1150 1630 1428 1682 trochaica
1461 1645 1555 1696 pa·
1608 1633 1879 1684 Pacuvius
1916 1648 2013 1683 em.
2050 1635 2174 1694 201,
2211 1635 2325 1683 210.

495 1716 616 1752 rum
652 1700 940 1766 popularia
982 1699 1244 1749 Romanis
1289 1700 1407 1750 291.
1487 1697 1552 1750 L.
1609 1701 1936 1753 Palantinus
1972 1703 2092 1753 272.

500 1784 606 1834 quo
643 1770 766 1818 iure
790 1767 1007 1818 dicatur
1029 1782 1130 1817 nec
1154 1766 1236 1830 dis
1262 1780 1360 1817 nec
1385 1765 1552 1815 homi·
1610 1769 1803 1833 pallor,
1839 1769 2027 1819 sordes
2062 1770 2197 1828 269·
2235 1770 2350 1818 270.

498 1836 660 1886 nibus
696 1835 998 1902 pepercisse
1042 1837 1155 1890 195.
1610 1836 1873 1901 panthera
1910 1837 2050 1886 idem
2086 1836 2231 1901 quod
2267 1835 2504 1901 pardalis
2541 1838 2657 1886 280.

432 1903 639 1954 Lucilii
673 1904 979 1955 imitatores
1002 1902 1286 1963 Horatius,
1309 1901 1553 1962 PersiuS,
1610 1921 1807 1969 panus,
1848 1920 2058 1969 pannus
2095 1906 2211 1954 226.

499 1971 782 2023 Iuvenalis
806 1974 906 2022 298
930 1968 1002 2023 al.
1028 1999 1091 2006 —
1115 1970 1402 2020 Lucretius
1427 1972 1554 2031 237;
1610 1974 1918 2037 parectatoi
1953 1975 2071 2026 229.

499 2043 616 2091 273.
653 2072 719 2081 —
754 2040 929 2089 Varro
966 2040 1091 2098 262,
1128 2040 1246 2088 284.
1609 2040 1922 2105 pasceolus,
1961 2032 2261 2106 φάσκωλος
2296 2042 2412 2091 234.

427 2104 604 2167 ludus,
642 2107 951 2159 convivium
986 2108 1102 2157 269.
1609 2125 1856 2175 passum,
1892 2123 2012 2172 gen.
2050 2110 2166 2159 203.
2245 2112 2254 2120 “

428 2176 616 2242 Lupus
657 2178 771 2227 297.
1607 2177 1750 2241 pati
1734 2193 1782 2227 is
1807 2175 2132 2227 vocabulum
2157 2175 2381 2227 honoris
2408 2173 2734 2224 testificandi

428 2243 582 2294 lusus
619 2230 910 2295 verborum
945 2245 1071 2303 260,
1108 2245 1230 2302 278,
1268 2244 1384 2293 279.
1677 2245 1856 2310 gratia
1891 2245 2129 2310 positum
2167 2245 2282 2293 195.

434 2311 625 2372 lutum,
662 2311 821 2361 homo
856 2310 1164 2361 lutulentus
1201 2313 1319 2362 257.
1608 2312 1813 2363 Paulus
1849 2328 1948 2362 em.
1988 2315 2115 2374 234,
2152 2314 2278 2373 235;
2316 2313 2433 2363 270.

428 2379 618 2441 lutum,
659 2380 936 2444 negotium
971 2381 1088 2433 261.
1608 2396 1780 2445 pausa
1824 2382 1940 2431 196.

1106 2499 1111 2502 Α
1608 2448 1790 2512 pedes»,
1827 2449 1957 2500 remi
1992 2449 2110 2500 221.

428 2512 635 2568 Maeuii
672 2514 922 2567 columna
958 2517 1075 2566 282.
1607 2516 1780 2581 Ρὲᾶίἑ,
1818 2516 2105 2581 pedicosus
2140 2516 2259 2567 264.

427 2583 641 2647 malum,
676 2584 836 2634 homo
874 2582 1048 2634 malus
1089 2584 1200 2633 199.
1607 2599 1960 2650 personarum
2007 2583 2230 2633 Horatii
2273 2583 2445 2633 maior
2491 2597 2617 2647 pars
2664 2597 2731 2632 ex

426 2651 637 2703 Marius
671 2652 817 2703 Vict.
854 2666 953 2701 em.
993 2652 1110 2701 225.
1679 2669 1747 2702 ex
1783 2654 1920 2704 Luc.
1958 2655 2237 2716 assumpta
2271 2654 2396 2713 2933
2433 2653 2550 2701 296.

425 2724 645 2771 mataxa
680 2736 779 2786 pro
817 2722 1033 2770 metaxa
1068 2719 1184 2768 205.
1606 2735 1867 2784 personae
1906 2719 2225 2769 Lucilianae
2260 2721 2385 2779 296;
2424 2720 2544 2768 297.

373 2828 378 2841 .
434 2788 818 2840 mediastrinns
853 2789 971 2838 238.
1606 2789 1843 2851 pertisus
1881 2789 2070 2839 285..

382 2882 385 2885 ·
426 2872 598 2918 mena,
638 2871 754 2906 non
788 2870 985 2906 maena
1022 2855 1138 2905 242.
1607 2852 1825 2920 petiilus
1862 2858 1978 2905 244

426 2939 563 2974 mers
599 2938 699 2988 pro
736 2939 887 2974 merx
923 2924 1039 2972 271.
1606 2924 1916 2987 pistrinum,
1938 2923 2245 3018 pristinum,
2273 2921 2591 2987 pristrinum
2612 2924 2728 2983 220,

425 2991 571 3040 mille
607 2992 781 3042 subst.
820 2992 939 3043 257.
1675 2994 1791 3041 221.

379 3082 382 3087 ·
426 3059 583 3110 missi
617 3074 714 3124 pro
752 3058 877 3108 misi
911 3060 1027 3108 262.
1604 3058 1793 3110 Plauti
1827 3059 2028 3122 gemini
2061 3057 2249 3109 leones
2285 3060 2404 3109 321.

423 3142 539 3189 mu,
575 3132 693 3177 mut
726 3128 843 3178 201.
1602 3126 1841 3178 Plautus
1880 3126 2016 3189 (sive
2051 3125 2346 3188 Caecilius)
2383 3140 2484 3175 em.
2522 3127 2638 3176 244.

421 3194 638 3245 Mucius
671 3196 792 3257 297,
836 3194 953 3244 298.
1602 3192 1801 3258 plebes,
1838 3195 2192 3244 convivarum
2227 3193 2386 3244 turba
2422 3195 2538 3245 212.

424 3277 655 3314 murena
690 3264 808 3312 221.
1192 3300 1203 3309 .
1602 3276 1794 3326 poema
1829 3267 1884 3311 et
1919 3262 2105 3342 poesis
2142 3264 2258 3312 226.

424 3330 674 3395 myctiris
715 3331 834 3381 243.
1603 3335 1797 3394 poetae
1832 3331 1978 3380 circa
2013 3330 2171 3380 initia
2207 3330 2435 3379 maxime
2468 3328 2727 3380 librorum

1671 3398 1959 3463 diligentes
2001 3400 2111 3448 194.

424 3466 664 3517 Naevius
700 3482 800 3517 em.
839 3467 966 3526 263,
1002 3467 1116 3516 268.
1603 3465 1838 3531 pblypus
1873 3468 1988 3517 265.

424 3534 605 3584 natrix
641 3535 879 3585 obscene
915 3532 1119 3582 dictum
1156 3535 1272 3585 200.
1601 3532 1934 3598 Pomponius
1969 3549 2069 3585 em.
2111 3536 2233 3595 199·
2269 3535 2396 3591 212;
2436 3536 2536 3584 246
2572 3531 2670 3584 bis,

423 3602 581 3652 navis
618 3599 906 3663 monosyll.
941 3602 1059 3651 237.
1600 3601 1852 3666 Popilius
1894 3603 2011 3653 249.
2287 3635 2292 3639 -

425 3685 491 3720 ne
529 3669 650 3719 adv.
688 3672 805 3720 230.
1602 3682 1765 3732 porro
1803 3668 2026 3734 prodere
2061 3670 2176 3718 214.
2236 3684 2399 3734 porro
2436 3635 2722 3733 procedere

424 3751 523 3794 nec
542 3735 600 3786 in
616 3735 723 3787 fine
734 3751 923 3787 versus
935 3736 1170 3786 sotadici
1178 3737 1415 3800 positum
1426 3737 1543 3786 321.
1666 3739 1783 3787 216.
1858 3753 2018 3801 porro
2055 3736 2272 3786 tradere
2305 3739 2423 3787 252.
2537 3766 2552 3773 -

347 3820 351 3824 ’
424 3819 527 3854 nec
545 3820 655 3854 non
674 3805 913 3870 positum
932 3819 1031 3869 pro
1043 3804 1411 3867 ne—quidem
1425 3805 1541 3854 195.
1598 3800 1792 3868 potiri
1806 3819 1929 3854 cum
1964 3819 2083 3868 gen.
2130 3806 2246 3853 214.
2399 3821 2405 3826 ·
2487 3808 2492 3813 ’

425 3874 682 3937 negativa
715 3871 912 3938 duplex
948 3887 1048 3936 pro
1090 3872 1327 3935 simplici
1360 3873 1475 3923 241.
1600 3873 1811 3935 potitur
1845 3875 1960 3922 212.
2463 3900 2498 3909 -
2545 3894 2552 3899 ·
2609 3882 2612 3885 ·

424 3955 582 3991 nemo
617 3940 776 3990 homo
817 3941 935 3990 261.
1599 3940 2076 3990 Praenestinorum
2117 3955 2289 3989 sermo
2326 3942 2440 3992 284.

423 4022 595 4073 neque
629 4009 687 4057 in
723 4008 888 4058 tertia
924 4006 1071 4058 thesi
1107 4010 1221 4057 227.
1465 4037 1484 4053 .
1534 4021 1555 4031 ’
1601 4021 1927 4072 praenomen
1982 4008 2347 4072 postpositum
2398 4009 2592 4071 gentili
2638 4007 2722 4058 vel

424 4077 483 4124 ni
516 4089 614 4141 pro
649 4091 716 4125 ne
750 4078 867 4126 263.
1671 4076 1982 4140 cognomini
2015 4077 2137 4134 2335
2173 4077 2291 4125 258.
2339 4108 2342 4111 π

424 4141 518 4200 nil,
554 4157 667 4192 non
700 4142 841 4193 nihil
874 4146 991 4194 243.
1602 4141 2035 4208 praepositiones
2069 4143 2128 4191 in
2152 4143 2473 4206 compositis
2505 4144 2720 4195 adsimi-

422 4224 622 4273 noenu,
659 4225 895 4260 noenum
929 4213 1046 4260 267.
1670 4209 1815 4259 latae
1850 4212 1969 4260 225.

425 4277 603 4327 nolito
640 4278 756 4328 272.
1602 4278 2030 4342 praepositiones
2068 4275 2473 4339 monosyllabae
2508 4278 2718 4329 alienae

423 4360 532 4405 nox
569 4360 665 4410 pro
702 4350 872 4397 noctu
907 4347 1026 4396 204.
1669 4362 1703 4395 a
1736 4344 1841 4395 fine
1864 4344 2260 4395 trochaicorum
2287 4349 2342 4394 et
2367 4346 2721 4398 iambicorum

422 4428 536 4464 ιιιιιι
573 4428 670 4479 pro
707 4428 835 4463 num
870 4416 989 4465 240.
1669 4416 1793 4476 285;
1830 4416 1948 4464 323.

421 4488 717 4546 nuptarum
753 4497 850 4546 pro
888 4486 1181 4546 nupturam
1217 4482 1340 4539 241;
1379 4481 1494 4530 272.
1602 4479 1904 4545 prblogium
1948 4484 2064 4530 213.

531 4564 579 4607 Ο.
594 4564 757 4625 χΙιιιιιίΙί
785 4569 926 4605 satur.
953 4564 1034 4604 rel.
1400 4608 1421 4625 x
2226 4570 2293 4621 24
