3267 5075
652 367 784 432 200
1637 366 1855 420 LIBER
1891 366 1957 422 Π.

652 537 915 598 lardum;
958 533 1289 607 Pomponius
1321 532 1471 606 Syris
1500 535 1780 604 lapatium
1826 535 2041 589 nullum
2072 533 2364 604 utebatur,
2407 534 2640 588 lardum
2668 534 2917 589 lurcabat

652 621 874 677 luben&
917 650 1003 661 --
1041 619 1267 691 fartim,
1299 619 1490 673 mirum
1522 618 1787 691 placuisse
1818 617 2028 673 Dousae
2057 616 2202 690 quod
2237 615 2518 672 Turnebus
2562 617 2764 672 invenit
2797 617 2914 689 fur-

657 708 752 761 tim
765 728 784 768 ,·
828 719 948 758 nam
993 710 1178 777 aperte
1223 710 1368 758 caret
1412 704 1555 757 omni
1597 718 1781 757 sensu.
1864 702 2083 774 fartim,
2113 700 2420 756 adverbium
2463 701 2800 774 Appuleium,
2839 704 2916 774 qni

656 805 721 844 eo
766 796 893 861 post
933 786 1197 843 Lucilium
1244 787 1446 859 primus
1495 788 1686 858 utitur,
1733 795 1791 841 ut
1835 788 2114 842 innumera
2158 802 2224 841 ex
2267 787 2571 859 priscorum
2617 787 2917 859 scriptorum

659 873 1020 928 monumentis
1063 871 1324 945 repetisse
1370 879 1609 945 apparet.

827 957 883 1012 9.
953 957 1170 1028 farcio,
1218 954 1288 1011 rs.
1334 953 1477 1011 Fest.
1529 974 1573 1011 S.
1621 974 1668 1010 v.
1716 956 2126 1027 strufertarios
2171 952 2311 1025 294,
2359 954 2556 1009 Paulus
2602 972 2647 1011 S.
2695 973 2742 1011 v.
2786 963 2918 1012 stru-

653 1042 938 1113 fertarios
967 1050 1021 1095 et
1045 1041 1298 1113 feretum
1331 1039 1451 1096 295
1485 1046 1538 1095 et
1569 1039 1670 1096 85.
1716 1070 1796 1080 --
1836 1039 1888 1111 f.
1935 1043 2122 1096 omnia
2167 1046 2300 1095 sunt
2331 1042 2553 1095 circum
2597 1042 2720 1096 lata
2732 1064 2750 1104 ,·
2791 1039 2917 1095 Maro

660 1143 779 1181 aen.
827 1125 890 1178 Vl
933 1127 1080 1181 idem
1125 1131 1215 1179 ler
1258 1127 1445 1180 socios
1483 1142 1638 1194 pura
1686 1128 2035 1181 circumtulit
2079 1126 2253 1180 unda.

833 1210 926 1264 11.
975 1216 1274 1282 tanguntur
1319 1208 1376 1263 L.
1412 1208 1675 1264 Hostilius
1715 1208 1987 1264 Mancinus
2033 1217 2086 1263 et
2117 1208 2319 1264 Manius
2351 1207 2615 1280 ManiliuS,
2664 1210 2752 1282 qui
2793 1207 2918 1264 hello

661 1294 865 1349 Punico
912 1294 1074 1356 tertio
1122 1309 1169 1349 a.
1217 1310 1271 1348 u.
1318 1310 1364 1348 c.
1412 1293 1533 1349 606
1580 1302 1636 1349 et
1682 1292 1803 1351 605
1860 1309 1980 1348 cum
2027 1309 2224 1367 magno
2268 1291 2537 1348 dedecore
2590 1300 2773 1349 contra
2814 1292 2920 1347 Car-

657 1379 1025 1451 thaginienses
1070 1394 1183 1432 rem
1229 1393 1450 1451 gessere
1494 1378 1805 1450 corrigente
1849 1384 2026 1433 tamen
2072 1393 2258 1433 eorum
2304 1387 2524 1450 peccata
2567 1377 2626 1434 P.
2674 1377 2920 1451 Scipione.

662 1494 737 1502 —
788 1468 974 1518 cutax
1019 1460 1084 1517 ad
1130 1461 1435 1518 Hostilium
1481 1462 1738 1533 pertinet.
1786 1490 1870 1500 —
1925 1465 2220 1533 permities
2264 1463 2384 1518 sive
2425 1466 2732 1533 permicie's
2770 1477 2922 1536 paene

662 1546 862 1619 ubique
908 1547 1166 1619 scriptum
1209 1547 1265 1600 in
1309 1544 1459 1600 libris
1491 1545 1761 1602 NonianiS.
1812 1544 1954 1618 153,
1990 1546 2064 1602 17
2115 1545 2273 1601 habet
2317 1545 2355 1600 L
2391 1546 2422 1600 1
2465 1549 2761 1618 permitiis,
2798 1562 2924 1619 per-

661 1634 872 1702 mitiae,
912 1631 1215 1701 permitiiS,
1260 1638 1315 1685 et
1361 1632 1432 1685 ita
1479 1646 1576 1703 per
1604 1649 1655 1685 m
1689 1630 1748 1700 G,
1798 1630 1892 1686 sed
1937 1632 2109 1704 primo
2141 1630 2265 1686 loco
2296 1647 2363 1686 ex
2391 1650 2444 1687 m
2475 1631 2674 1687 sactum
2714 1649 2768 1686 n.
2798 1631 2926 1686 idem

661 1719 713 1771 in
763 1716 1002 1788 margine
1040 1718 1338 1787 permities
1372 1718 1690 1786 pernicies,
1765 1714 1835 1770 ib.
1884 1732 1983 1788 pro
2031 1715 2277 1770 lemmate
2320 1717 2376 1771 in
2419 1714 2625 1788 Bamb.,
2669 1714 2708 1769 L
2753 1715 2789 1770 2
2831 1715 2926 1786 leg.

654 1803 953 1872 permitiiS,
1001 1801 1057 1854 in
1102 1798 1274 1871 Lugd.
1324 1799 1401 1855 67
1441 1803 1757 1870 permiciis.
1816 1798 1960 1871 218,
2006 1799 2085 1856 32
2131 1808 2217 1855 est
2260 1800 2313 1854 in
2356 1798 2395 1852 L
2446 1800 2505 1872 1,
2551 1799 2595 1854 G
2629 1804 2926 1872 permitieS,

659 1886 1111 1957 permitiemque,
1135 1885 1461 1954 permities,·
1504 1883 1601 1939 sed
1647 1884 1788 1939 enim
1819 1885 1873 1938 in
1906 1882 1946 1938 G
1980 1883 2175 1957 ubique
2206 1884 2444 1941 radendo
2490 1886 2728 1958 reposita
2756 1903 2812 1941 n.
2855 1914 2928 1923 —

664 1977 851 2024 contra
882 1967 1028 2038 486,
1062 1967 1139 2024 27
1187 1969 1302 2023 sine
1348 1967 1604 2023 varietate
1634 1969 1935 2042 scripturae
1966 1968 2178 2024 videtur
2220 1968 2332 2043 legi
2364 1977 2449 2024 ter
2481 1973 2733 2042 pernici,
2778 1968 2930 2025 semel

654 2043 960 2125 perniciei.

839 2136 935 2192 12.
1008 2136 1148 2192 Naso
1193 2136 1228 2191 l.
1275 2136 1319 2191 ΙΙ
1362 2138 1493 2192 artis
1537 2133 1854 2193 amatoriae:

969 2267 1040 2320 sit
1084 2266 1317 2338 graciliS,
1367 2267 1532 2322 macie
1579 2283 1719 2339 quae
1763 2266 1897 2322 male
1941 2268 2056 2322 viva
2100 2274 2270 2323 suast.

666 2433 749 2445 -—-
796 2412 1016 2477 apparet
1060 2407 1161 2461 vix
1203 2420 1314 2459 non
1356 2405 1631 2477 pertinere
1687 2403 1752 2459 ad
1794 2404 1927 2460 illud
1984 2423 2425 2478 monoyrammo.
2517 2422 2796 2479 monoyr„
2843 2403 2930 2460 lib.

669 2496 784 2563 opt.
830 2490 1191 2562 monoyran'zo
1225 2488 1472 2564 traditur,
1517 2489 1664 2562 quod
1696 2488 1932 2545 dubitavi
1964 2497 2138 2545 tamen
2169 2491 2425 2564 recipere.
2468 2520 2552 2530 —
2591 2491 2788 2547 servavi
2814 2505 2935 2546 sane

669 2591 731 2629 ea
776 2590 912 2646 quae
958 2581 1086 2628 sunt
1129 2574 1342 2645 Apolo,
1387 2569 1858 2648 καλιπλόκαμον,
1904 2571 2304 2650 καλίσφυρον,
2359 2575 2455 2631 sed
2501 2577 2633 2632 haec
2682 2592 2787 2630 non
2826 2575 2936 2630 sine

669 2658 914 2730 exemplo
962 2656 1307 2730 Graecorum,
1353 2658 1485 2714 illud
1530 2666 1590 2713 ut
1633 2660 1687 2713 in
1733 2660 1953 2715 nomine
1997 2660 2088 2714 diu
2117 2660 2385 2714 civitatem
2415 2659 2704 2716 Romanam
2734 2659 2935 2732 adepto.

669 2759 834 2815 quare
879 2742 1129 2797 iudicium
1175 2744 1227 2797 in
1276 2742 1507 2797 medium
1552 2743 1984 2816 relinquendum.

842 2826 937 2882 13.
1011 2827 1143 2881 haec
1187 2825 1449 2882 obscaene
1494 2827 1633 2882 dicta
1690 2827 1830 2897 (nam
1878 2828 1965 2883 alii
2010 2827 2077 2884 de
2124 2829 2407 2902 vapulante
2450 2837 2645 2903 putant
2687 2823 2790 2904 agi)
2832 2828 2938 2901 ple·

669 2913 853 2984 risque
897 2910 1189 2966 adsentior.
1247 2942 1317 2949 -—
1366 2915 1570 2967 natrix
1614 2911 1683 2967 de
1727 2911 1966 2969 membro
2013 2914 2232 2986 genitali
2278 2922 2340 2969 ut
2385 2930 2579 2987 graece
2625 2908 2739 2988 ἔχις
2783 2906 2937 2985 ὅφις;

671 2994 741 3051 cl'.
787 3003 841 3049 et
887 2993 1059 3068 Priap.
1107 2994 1210 3065 82,
1258 2995 1356 3052 33.
1416 3026 1498 3036 —-
1554 3004 1795 3051 ceterum
1840 2996 1892 3051 id
1938 2997 2253 3053 vocabulum
2299 2999 2470 3071 prima
2514 3006 2607 3054 aut
2651 2998 2824 3054 saltim
2865 3013 2939 3052 se-

673 3079 845 3134 cunda
890 3078 1054 3151 longa
1098 3079 1428 3143 efferendum
1473 3089 1724 3136 asserunt
1765 3080 1933 3137 lexica
1985 3091 2039 3136 et
2081 3085 2436 3155 repetendum
2482 3100 2511 3137 a
2554 3084 2764 3152 nand03
2818 3096 2938 3156 quae

672 3165 874 3220 erroris
921 3164 1008 3218 hic
1053 3165 1325 3219 convincit
1369 3181 1576 3221 versuS.
1622 3196 1708 3208 -—-
1752 3170 2087 3237 capitatam,
2136 3166 2206 3221 cs.
2253 3159 2429 3240 Priap.
2477 3166 2583 3242 82,
2618 3166 2675 3228 5.
2721 3167 2818 3225 32.
2846 3164 2937 3224 37.

845 3246 944 3304 14.
1018 3248 1276 3303 Aemilius
1320 3248 1410 3304 ille
1457 3251 1576 3322 quis
1624 3250 1807 3321 suerit,
1853 3250 2011 3323 plane
2054 3252 2338 3307 incertum.

846 3330 942 3387 15.
1021 3334 1190 3405 bulya
1223 3349 1322 3405 pro
1354 3333 1471 3388 alvo
1503 3331 1740 3389 mulieris
1773 3343 1834 3389 ut
1862 3333 1954 3390 lib.
1990 3333 2145 3392 XXVl
2178 3339 2258 3392 ita
2305 3340 2389 3392 uti
2416 3339 2661 3409 quisque
2704 3342 2937 3393 nostrum

674 3433 705 3473 ε
748 3418 973 3490 bulyast
1017 3420 1220 3472 matris
1263 3421 1322 3473 in
1363 3419 1549 3474 lu'cem
1596 3421 1797 3476 editus.
1885 3427 2123 3475 ceterum
2172 3428 2231 3475 ut
2280 3420 2397 3477 187
2446 3424 2708 3494 vulyam,
2761 3422 2830 3477 ita
2870 3417 2937 3475 78

675 3503 900 3575 bulyam
949 3508 1132 3556 tuetur
1176 3501 1406 3557 Nonius:
1454 3519 1553 3558 nec
1598 3504 1757 3558 enim·
1784 3504 2087 3561 socordiam
2132 3506 2247 3560 eius
2293 3504 2626 3562 mirabimur.

849 3586 948 3642 16.
1024 3587 1181 3642 etiam
1227 3587 1331 3642 hoc
1362 3587 1483 3643 loco
1515 3588 1864 3643 vehementer
1893 3605 2140 3644 veremur
2167 3605 2234 3644 ne
2266 3598 2507 3662 nugetur
2535 3590 2771 3647 Nonius:
2812 3594 2939 3645 certe

676 3669 877 3724 Afranii
922 3668 1079 3724 verba
1124 3687 1258 3743 quae
1306 3671 1632 3744 praecedunt
1669 3671 1854 3746 longe‘
1880 3673 2037 3729 aliter
2066 3673 2378 3747 explicanda
2423 3691 2485 3729 ac
2515 3676 2689 3730 visum
2720 3675 2824 3731 isti.
2886 3687 2937 3726 ea

674 3755 747 3810 ita
791 3751 1071 3828 scribxenda
1113 3771 1310 3811 censeo
1373 3797 1380 3804 .

1285 3891 1470 3930 servos
1514 3874 1599 3932 est
1644 3877 1772 3933 mihi
1816 3876 2059 3949 Nicasio,

982 3956 1309 4030 sceleratus,
1356 3958 1634 4030 curiosus3
1680 3963 1727 4016 is
1770 3978 1892 4016 cum
1936 3961 2052 4017 silio

982 4040 1250 4097 coiecerat
1293 4043 1606 4116 nescioquid
1653 4046 1718 4101 de
1764 4044 2085 4103 ratiuncula.

653 4179 799 4234 -libri
858 4177 1053 4235 habent
1098 4180 1154 4234 ei
1195 4182 1422 4235 coicere
1466 4183 1544 4236 ad
1587 4178 1644 4256 (Β
1674 4181 1829 4252 aut);
1876 4181 2048 4237 suerat
2089 4184 2385 4256 antiquitus
2418 4155 2709 4242 efficerad.
2786 4192 2938 4253 neque

680 4264 818 4318 enim
863 4269 958 4318 aut
999 4263 1299 4337 perfectum
1333 4267 1481 4321 coici
1507 4266 1633 4321 mihi
1673 4265 1906 4321 innotuit
1951 4265 2092 4337 (nam
2123 4266 2443 4323 Ribbeckius
2489 4268 2639 4325 dedit
2668 4269 2797 4325 illud
2841 4263 2938 4322 coi-

680 4346 864 4420 cerat)
920 4356 1010 4404 aut
1065 4348 1435 4406 ditrochaeum
1491 4366 1725 4423 aequans
1786 4354 2131 4424 nescioquid.
2193 4383 2268 4392 —
2326 4351 2399 4408 ibi
2459 4362 2682 4428 apparet
2735 4356 2941 4410 coicere
