3267 5075
1035 394 1486 450 TESTIMONIA
1524 394 1620 448 DE
1660 393 1969 450 LUCILIO.
2513 396 2645 460 295

348 563 533 635 fuerit
564 563 844 633 LuciliuS,
877 566 1128 635 inquam,
1174 565 1349 618 comis
1380 569 1434 617 et
1465 563 1744 632 urbanuS,
1784 562 1972 635 fuerit
1999 566 2251 620 limatior
2279 566 2439 635 idem,
2473 579 2643 637 'quam

354 650 518 704 rudis
562 656 618 703 ct
665 648 908 703 Graecis
951 650 1159 703 intacti
1200 651 1476 704 carminis
1519 652 1749 718 auctor,
1794 664 2081 721 quamque
2120 654 2426 720 poetarum
2456 654 2640 706 senio-

353 751 480 789 rum
543 734 751 795 turben
805 731 892 787 alii
954 733 1297 805 asperitatem
1351 733 1530 788 verius
1588 730 1833 787 tribuunt
1884 731 2108 790 Lucilio.
2206 740 2446 789 ceterum
2502 735 2644 790 sicut

351 816 450 873 alia
494 816 741 890 supellex
787 816 891 872 suit
944 815 1086 890 apud
1131 816 1442 890 ScipioneS,
1498 816 1596 872 alia
1640 816 1781 889 apud
1826 815 2046 873 Crassos
2102 825 2158 873 et
2199 816 2490 890 LuculloS,
2546 819 2640 890 ita,

352 917 490 974 quae
536 900 724 957 Lucilii
772 908 1014 974 tempore
1058 913 1173 956 erat
1218 900 1363 957 laudi
1415 903 1641 958 comitas
1685 909 1847 974 atque
1892 901 2184 974 urbanitaS,
2229 919 2341 958 non
2384 903 2486 957 iam
2527 903 2641 958 sut-

351 985 564 1062 ficieliat
622 985 826 1042 Horatii
886 984 1219 1059 aequalibus.
1307 990 1481 1042 comis
1536 994 1592 1042 et
1649 987 1912 1043 urbanus
1968 994 2029 1042 ut
2071 987 2122 1058 1,
2168 986 2230 1059 4,
2277 987 2375 1045 90.
2466 991 2641 1044 comis

348 1071 489 1126 idem
537 1070 652 1126 sere
696 1069 841 1145 quod
888 1071 1165 1139 urbanus,
1212 1078 1273 1126 ut
1314 1070 1453 1126 iufra
1498 1070 1563 1126 de
1593 1068 1870 1127 Fundanio
1899 1073 2106 1128 comico
2143 1079 2313 1144 potes
2343 1101 2419 1111 —
2452 1087 2641 1129 comes

346 1158 583 1229 yart-ire
612 1157 850 1212 libellos
902 1185 970 1194 —
1022 1158 1274 1211 limatior
1304 1174 1475 1229 quam
1504 1185 1571 1194 —-
1604 1164 1843 1219 auctom-
1888 1156 2021 1212 haec
2051 1173 2160 1211 non
2203 1156 2268 1212 ad
2300 1155 2428 1212 Luc.
2460 1156 2637 1231 ipsum

348 1241 444 1296 sed
491 1240 557 1296 ad
603 1239 831 1295 Ennium
876 1248 1122 1313 spectare
1166 1242 1352 1296 monui
1394 1240 1564 1314 praes.
1599 1239 1728 1295 Hor.
1764 1258 1887 1314 pag.
1921 1239 2025 1312 40,
2056 1239 2160 1312 41,
2209 1240 2297 1297 ubi
2344 1258 2482 1315 quae
2512 1259 2639 1316 pro-

349 1327 511 1397 posui
557 1341 587 1380 e
633 1341 692 1380 re
735 1324 876 1380 duco
922 1325 1027 1380 hoc
1069 1325 1191 1381 loco
1235 1325 1439 1398 repeti3
1485 1333 1615 1380 sunt
1659 1331 1838 1380 autem
1884 1326 2030 1382 haec.
2118 1325 2355 1382 Lucilius
2399 1327 2445 1381 si
2490 1334 2639 1382 tanta

350 1411 450 1465 snit
497 1410 761 1483 elegantia
807 1410 1009 1482 ingenii
1052 1409 1363 1482 praedituS,
1420 1417 1481 1465 ut
1539 1408 1762 1465 indocto
1821 1418 1876 1465 et
1928 1409 2051 1466 ideo
2109 1418 2295 1484 spreto
2350 1428 2381 1466 a
2425 1410 2638 1467 Graecis

349 1495 572 1550 carmini
616 1511 736 1550 cum
783 1495 1012 1567 primum
1056 1495 1287 1549 animum
1333 1493 1657 1568 applicasset
1699 1496 2005 1551 comitatem
2061 1494 2283 1551 adderet
2327 1503 2382 1551 et
2427 1494 2638 1551 urbani-

354 1589 518 1636 tatem
565 1580 827 1635 mirumne
871 1580 973 1634 crit
1017 1595 1140 1633 eum
1184 1587 1373 1652 poetas
1418 1579 1803 1652 praecedentes
1859 1588 2102 1653 tempore
2156 1578 2298 1652 (nam
2342 1580 2410 1635 de
2454 1588 2638 1653 poste·

351 1662 587 1720 rioribus
635 1680 791 1718 nemo
838 1662 992 1718 facile
1036 1662 1307 1738 cogitarit)
1353 1672 1408 1719 et
1453 1662 1522 1719 ob
1567 1664 1618 1719 id
1663 1665 1840 1737 ipsum
1886 1665 2202 1737 pinguiores
2248 1664 2439 1720 vicisse
2484 1666 2637 1719 arte?

352 1757 411 1804 ut
456 1749 701 1804 omittam
747 1764 903 1821 quam
950 1765 1059 1804 non
1102 1749 1174 1804 sit
1218 1748 1537 1804 concinnum
1582 1748 1715 1803 illud
1765 1746 1840 1821 ‘q.
1890 1767 1943 1822 p.
1986 1766 2031 1804 s,
2082 1748 2169 1819 t.',
2224 1749 2270 1803 si
2311 1756 2502 1805 auctor
2544 1749 2635 1805 ille

348 1843 566 1889 saturae
612 1851 711 1889 nec
753 1835 869 1905 ipse
913 1831 1077 1888 suerit
1119 1832 1364 1888 diversus
1409 1831 1707 1889 aLucilio.
1766 1863 1848 1874 -
1905 1849 2081 1906 neque
2124 1834 2482 1908 repugnantia
2529 1841 2634 1888 tra·

348 1918 481 1975 didit
526 1918 746 1974 Flaccus
791 1933 954 1990 supra
972 1916 1090 1994 ,ubi
1133 1915 1397 1973 Lucilium
1453 1919 1788 1973 inventorem
1843 1926 2057 1973 saturae
2101 1917 2247 1974 dicit.
2337 1934 2457 1973 nam
2505 1935 2635 1991 qua-

348 2013 509 2059 tenus
552 2002 685 2058 rude
733 2010 788 2057 et
829 2019 858 2056 a
904 2001 1228 2058 Graecorum
1273 2002 1539 2075 elegantia
1595 2003 1830 2058 alienum
1874 2019 2086 2058 carmen
2132 2002 2234 2058 suit
2277 2011 2491 2074 satura,
2547 2004 2632 2058 cui

345 2088 461 2144 sere
507 2085 767 2161 quidquid
812 2088 1020 2160 negotii
1064 2088 1331 2142 evenisset
1375 2087 1592 2143 humani
1636 2104 1702 2141 an
1747 2087 1918 2143 dicam
1965 2085 2345 2161 quodcumque
2399 2089 2453 2142 in
2501 2086 2630 2144 buc-

344 2190 458 2228 cam
509 2173 744 2227 venisset
788 2173 987 2244 exiguo
1031 2173 1365 2226 insereretur
1407 2171 1630 2244 dilectu,
1676 2179 1954 2228 auctorem
1983 2173 2095 2228 sive
2124 2173 2483 2243 inventorem,
2529 2173 2635 2228 hoc

343 2266 428 2313 est
474 2259 566 2331 qui
612 2258 816 2330 primus
859 2255 1055 2311 litteris
1100 2255 1278 2311 latinis
1323 2255 1638 2329 addidisset,
1683 2258 1877 2312 merito
1923 2255 2056 2313 dixit
2082 2256 2330 2312 Ennium.
2389 2264 2446 2312 et
2488 2257 2633 2313 hunc

344 2342 560 2415 quidem
608 2342 701 2415 qui
759 2340 934 2396 obiter
988 2356 1090 2396 nec
1132 2341 1233 2396 nisi
1287 2341 1618 2415 privatorum
1666 2342 1942 2397 hominum
1996 2342 2122 2398 vitia
2179 2349 2430 2416 tangeret
2473 2343 2630 2397 casti-

344 2435 609 2500 garetque
652 2428 708 2481 in
753 2441 918 2499 opere
960 2427 1134 2481 secuti
1179 2434 1307 2481 sunt
1350 2424 1609 2481 Pacuvius
1656 2434 1710 2482 et
1754 2426 1858 2482 nisi
1903 2428 2078 2482 omnia
2109 2442 2193 2482 me
2238 2425 2431 2481 fallunt
2463 2426 2627 2482 Varro

342 2514 430 2568 cui
475 2510 702 2567 Reatino
746 2527 1068 2585 cognomen.
1158 2527 1348 2567 novam
1397 2518 1576 2567 autem
1613 2518 1679 2579 ‚et
1720 2510 1981 2568 diversam
2026 2511 2183 2586 plane
2238 2509 2302 2567 ab
2349 2509 2502 2592 Ennii
2546 2528 2627 2567 sa·

343 2606 519 2653 turam
563 2597 794 2671 protulit
823 2595 1057 2651 Lucilius
1101 2612 1237 2670 quae
1266 2597 1606 2670 potissimum
1638 2596 1983 2652 emendandis
2026 2596 2253 2653 consilio
2298 2605 2353 2652 et
2382 2596 2628 2670 exemplo

340 2683 533 2738 civium
577 2680 817 2737 moribus
861 2690 1006 2736 esset
1048 2680 1318 2753 dedicata,
1372 2681 1746 2754 primoresque
1788 2681 1977 2755 populi
2027 2682 2315 2755 ipsumque
2366 2679 2629 2754 arriperet

340 2767 633 2841 populum3
680 2783 840 2839 quam
883 2764 975 2821 diu
1018 2766 1278 2821 iacentem
1323 2774 1451 2839 post
1490 2765 1644 2821 illum
1689 2767 2029 2822 resuscitavit
2067 2764 2303 2820 Caesaris
2348 2764 2626 2821 dictatoris

343 2850 674 2927 temporibus
709 2851 893 2921 Varro,
938 2851 1032 2924 qui
1071 2849 1246 2906 dictus
1292 2849 1356 2905 ab
1400 2851 1583 2923 Atace,
1630 2867 1754 2905 mox
1800 2850 2021 2906 meliore
2064 2867 2321 2906 successu
2353 2849 2626 2921 lloratiuS,

338 2937 589 3008 PersiuS,
634 2935 903 3006 Lucilius,
947 2934 1241 3005 luvenaliS,
1300 2951 1487 2991 omnes
1530 2935 1715 2990 eadem
1768 2935 1925 3009 plane
1981 2952 2086 3010 qua
2128 2934 2366 2991 Lucilius
2420 2936 2500 2990 via
2545 2937 2625 2990 in-

340 3022 551 3094 gressi,
609 3028 835 3093 excepto
891 3019 1037 3092 quod
1087 3027 1296 3075 mutata
1342 3028 1646 3091 temporum
1704 3019 2021 3076 condicione
2075 3021 2393 3076 recentioris
2444 3022 2627 3094 potius

337 3108 642 3162 Atticorum
687 3103 996 3161 comoediae
1039 3121 1196 3180 quam
1241 3107 1447 3178 priscae
1493 3120 1642 3159 more
1686 3106 1740 3160 in
1778 3104 2096 3161 denotandis
2145 3105 2451 3160 hominibus
2496 3115 2624 3160 sunt
2690 3127 2693 3130 “

337 3193 553 3247 versati.
642 3198 768 3263 apte
813 3189 1015 3245 iaciunt
1057 3188 1120 3244 ad
1168 3189 1305 3245 hanc
1349 3188 1759 3263 explicationem
1805 3206 1941 3263 quae
1980 3189 2274 3246 Suetonius
2318 3189 2457 3263 apud
2502 3189 2624 3245 Dio-

307 3265 544 3332 'medem
591 3274 658 3330 dc
702 3263 885 3329 satura
930 3273 1149 3329 tradidit
1191 3272 1304 3348 (pg.
1352 3273 1434 3330 20
1475 3273 1664 3343 naim).
1751 3282 1991 3330 ceterum
2036 3281 2258 3348 apparet
2300 3290 2362 3328 ea
2405 3276 2521 3347 ipsa
2564 3290 2623 3329 re

337 3362 481 3435 quod
529 3367 737 3415 mutato
782 3374 983 3432 genere
1028 3366 1083 3414 et
1125 3360 1413 3414 contractis
1473 3357 1669 3414 finibus
1717 3360 1895 3431 operis
1941 3359 2300 3414 exundantem
2346 3358 2619 3413 materiam

334 3447 474 3501 intra
519 3452 689 3516 certa,
735 3460 843 3516 quo
875 3444 1156 3516 proposito
1189 3459 1289 3498 suo
1319 3445 1654 3514 conveniret,
1698 3445 1940 3498 coercuit
1970 3444 2138 3517 spatia
2168 3442 2423 3514 LuciliuS,
2460 3459 2622 3515 opor-

337 3533 505 3587 tuisse
550 3529 787 3600 evenire‚
834 3535 895 3582 ut
938 3528 1142 3583 cultum
1188 3527 1454 3602 quendam
1496 3527 1787 3601 limamque
1830 3545 1890 3582 ac
1932 3529 2161 3583 nitorem
2193 3528 2460 3600 reciperet
2504 3528 2619 3582 eius
2686 3535 2697 3540 “

333 3625 546 3686 satura,
603 3613 950 3685 dill'erretque
1008 3612 1070 3668 ab
1124 3613 1216 3670 illa
1269 3612 1389 3668 rudi
1443 3613 1819 3688 indigestaque
1874 3612 2015 3668 mole
2071 3612 2243 3685 qualis
2299 3621 2520 3686 apparet
2565 3613 2619 3667 in

335 3699 489 3755 Ennii
544 3716 605 3754 ac
648 3698 902 3752 Varronis
943 3696 1111 3754 libris.
1180 3730 1251 3738 —
1309 3696 1382 3757 ib.
1442 3698 1686 3755 Graecis
1735 3701 1968 3760 intactr‘3
2026 3705 2231 3771 satyras
2275 3695 2465 3752 Lucilii
2510 3714 2619 3752 non

335 3789 542 3841 saturas
575 3783 773 3839 dixisse
803 3781 1033 3837 Nonium
1064 3799 1233 3855 paene
1264 3790 1539 3855 coustanS,
1574 3784 1730 3838 etiam
1766 3780 2142 3856 Lugdunensis
2174 3783 2391 3857 prioriS,
2426 3783 2621 3838 evincit

332 3869 759 3925 membranarum
800 3869 1109 3923 auctoritas
1186 3876 1239 3923 et
1270 3883 1397 3923 sane
1428 3867 1680 3923 videntur
1710 3866 1882 3927 forma
1909 3866 2000 3923 illa
2031 3866 2144 3923 sere
2175 3870 2258 3922 usi
2290 3868 2619 3939 grammatici

331 3963 560 4011 veteres.
609 3983 690 3992 ——-
733 3952 936 4006 rectius
981 3960 1155 4007 tamen
1212 3969 1306 4008 eos
1351 3968 1465 4007 rem
1511 3953 1690 4025 egisse
1746 3954 1838 4024 qui
1882 3951 1938 4006 id
1984 3951 2300 4008 vocabulum
2356 3968 2384 4005 a
2428 3950 2617 4006 Latino

332 4046 643 4114 repeterent
696 4044 752 4091 et
804 4038 1089 4111 proprium
1143 4053 1264 4093 esse
1309 4037 1491 4111 poesis
1536 4053 1713 4122 genus
1767 4035 2019 4092 Romanis
2073 4035 2154 4092 vel
2210 4036 2363 4092 Ennii
2419 4035 2618 4091 docent

332 4133 563 4180 saturae.
658 4121 755 4180 73.
792 4119 891 4176 74.
955 4137 1141 4196 neque
1173 4130 1226 4178 te
1259 4128 1318 4177 ut
1346 4126 1587 4178 miretur
1617 4123 1790 4177 turba
1814 4124 2048 4178 labores
2077 4128 2381 4177 contentus
2401 4124 2618 4191 paucis

328 4210 639 4267 lectoribus
652 4232 672 4272 ;
715 4222 842 4262 sane
883 4224 1174 4281 numquam
1206 4214 1311 4262 tam
1357 4206 1649 4281 populares
1692 4206 1845 4261 suere
1874 4205 2123 4261 Romanis
2156 4204 2360 4260 Horatii
2400 4212 2615 4259 saturae

333 4311 487 4366 quam
540 4292 760 4364 Lucilii,
818 4294 911 4366 qui
967 4292 1049 4349 vel
1105 4291 1321 4348 saeculo
1377 4310 1431 4365 p.
1487 4291 1613 4348 Chr.
1675 4308 1730 4347 n.
1786 4292 1958 4364 primo
2007 4298 2194 4345 nactus
2230 4287 2334 4344 xest
2378 4289 2611 4345 lectores

331 4379 611 4453 quosdam,
658 4379 747 4453 qui
794 4394 916 4434 eum
948 4375 1196 4433 omnibus
1241 4378 1474 4432 cuiusvis
1519 4378 1736 4448 generis
1780 4376 1956 4449 poetis
1986 4374 2260 4448 praeferre
2305 4390 2415 4429 non
2461 4374 2616 4432 dubi-
