3267 5075
1040 352 1493 409 TESTIMONIA
1529 352 1625 408 DE
1666 352 1978 409 nummo.
2070 320 2081 324 ’
2521 352 2650 418 297

360 523 534 596 suere,
572 530 630 579 et
684 522 773 578 alii
831 521 1137 596 complures
1191 530 1247 578 et
1304 538 1366 577 ex
1425 528 1579 594 parte
1634 520 1775 577 haud
1834 520 1996 578 dubie
2061 523 2325 595 primores
2392 523 2653 591 civitatis;

360 607 455 664 sed
501 606 571 663 de
614 608 699 664 his
743 608 918 663 minus
973 614 1124 663 certo
1175 613 1406 663 constat.
1491 608 1654 664 laeso
1710 606 1973 671 Metello;
2026 605 2082 662 C.
2129 606 2356 663 Caecilio
2402 606 2654 681 Caprario

364 699 559 766 quarto
604 709 670 748 ex
715 691 837 747 filiis
881 689 1226 762 Macedonici,
1273 706 1395 747 cum
1440 707 1549 764 quo
1594 698 1653 747 et
1694 692 1815 765 ipso
1860 690 1920 749 P.
1949 690 2253 761 AfricanuS,
2298 693 2430 748 citra
2475 702 2655 749 tamen

361 775 708 833 acerbitatem
755 783 810 832 et
853 775 1266 848 contumeliam,
1311 773 1680 832 dissentiebat.
1770 792 1890 831 nam
1935 774 2002 832 de
2046 775 2141 832 illo
2194 792 2316 833 cum
2361 776 2502 850 apud
2546 776 2654 833 Nu-

360 862 618 917 mantiam
662 860 919 919 militaret
962 859 1160 916 dixisse
1215 859 1389 916 l'ertur
1432 858 1611 933 Scipio
1673 853 1808 935 [Cic.
1857 859 1926 916 de
1970 876 2051 916 or.
2097 859 2161 932 11,
2210 860 2313 933 66,
2358 853 2550 938 267],
2609 863 2653 916 si

363 947 615 1019 quintum
659 953 875 1019 pareret
917 952 1089 1000 mater
1132 947 1269 1017 eiuS,
1313 945 1520 1000 asinum
1564 944 1733 1001 fuisse
1762 944 2073 1018 parituram.
2147 962 2320 1019 nugas
2365 949 2535 1002 meras
2566 947 2656 1002 hic

361 1030 570 1087 scholia
616 1039 671 1087 et
715 1031 809 1105 qui
852 1029 1021 1086 credit
1069 1030 1145 1085 eis
1190 1027 1598 1103 Heusdius'pg.
1647 1028 1792 1101 205,
1839 1029 1896 1090 6.
1955 1059 2034 1069 -
2091 1029 2254 1102 Lupo
2268 1053 2288 1094 ,·
2338 1030 2484 1089 huuc
2528 1030 2654 1086 ridi-

361 1113 484 1171 cule
531 1114 745 1189 quidam
790 1121 1053 1189 putarunt
1096 1113 1327 1170 eundem
1373 1115 1463 1187 qui
1508 1130 1555 1169 a.
1605 1112 1728 1170 664
1772 1113 1866 1170 diu
1910 1122 2038 1188 post
2066 1113 2254 1171 Lucilii
2300 1114 2507 1171 obitum
2551 1114 2655 1171 fuit

361 1200 592 1273 consul;
652 1215 813 1274 quem
869 1198 1014 1254 fatali
1071 1198 1305 1255 Africani
1359 1199 1584 1254 minoris
1639 1215 1780 1255 anno
1838 1198 1959 1256 625
2015 1198 2301 1274 puerulum
2357 1216 2654 1273 paucorum

362 1300 628 1340 annorum
673 1283 843 1341 luisse
895 1285 1126 1355 scimus,
1183 1287 1305 1339 cum
1346 1291 1540 1341 ,tamen
1595 1283 1714 1339 vivo
1770 1284 1929 1339 etiam
1985 1292 2100 1341 tum
2142 1283 2394 1358 Scipione
2440 1282 2653 1358 Lupum

363 1370 510 1443 carpi
554 1369 775 1425 solitum
820 1369 1155 1442 apertissime
1200 1376 1419 1424 constet
1463 1366 1638 1423 Flacci
1692 1366 1887 1425 verbis.
1972 1369 2144 1442 igitur
2198 1376 2350 1426 recte
2402 1368 2654 1426 videntur

247 1447 256 1453 ’
364 1456 668 1510 coniectare
714 1455 807 1527 qui
859 1451 918 1509 L.
964 1451 1271 1509 Cornelium
1315 1451 1600 1508 Lentulum
1656 1469 1808 1509 cous,
1871 1471 1919 1509 a.
1970 1453 2091 1510 597
2149 1468 2271 1509 esse
2323 1460 2652 1511 statuerunt.

364 1555 488 1595 eum
532 1537 706 1595 refert
751 1537 862 1595 Val.
910 1537 1045 1593 Max.
1089 1537 1175 1609 Vl,
1223 1537 1282 1609 9,
1318 1537 1399 1596 10
1440 1537 1781 1593 consularem
1825 1538 1951 1612 lege
1979 1537 2203 1595 Caecilia
2232 1537 2654 1612 repetundarum

364 1624 587 1679 crimine
631 1638 969 1696 oppressum,
1016 1622 1110 1678 sed
1157 1629 1286 1696 post
1328 1637 1608 1678 censorem
1653 1638 1775 1679 cum
1818 1621 1879 1678 L.
1914 1621 2211 1679 Censorino
2256 1631 2516 1680 creatum.
2592 1639 2654 1679 ea

365 1724 450 1764 res
496 1724 635 1782 quae
679 1709 857 1764 evenit
900 1724 948 1763 a.
995 1724 1052 1763 u.
1098 1723 1145 1765 c.
1194 1706 1315 1765 607
1362 1707 1544 1763 nescio
1590 1722 1656 1763 an
1701 1707 1817 1780 ipsa
1861 1708 2056 1764 nimiae
2100 1707 2332 1763 bominis
2375 1709 2654 1781 potentiae

364 1794 435 1848 sit
475 1792 754 1848 indicium.
845 1808 946 1848 nec
988 1790 1316 1853 abhorret,a
1360 1789 1737 1866 probabilitate
1780 1792 1923 1850 inter
1964 1791 2255 1850 Lentulum
2306 1800 2362 1848 et
2396 1792 2653 1850 ‚Aemilia-

364 1894 491 1933 num
537 1876 769 1951 gentiles
813 1876 982 1932 fuisse
1027 1875 1384 1944 offensiones3
1429 1883 1484 1931 et
1529 1874 1597 1931 ob
1643 1875 1695 1931 id
1739 1877 1915 1949 ipsum
1945 1876 2208 1933 Lucilium
2252 1877 2344 1933 isti
2371 1876 2651 1934 infestum.

362 1992 445 2001 —
489 1962 684 2018 mirum
728 1968 905 2017 tamen
948 1959 1116 2032 illud,
1178 1960 1323 2034 quod
1366 1959 1506 2016 libro
1551 1958 1571 2014 1
1619 1958 1709 2016 ubi
1753 1960 1805 2016 di
1851 1969 2216 2017 memorantur
2270 1960 2468 2019 habere
2524 1979 2653 2019 con-

363 2046 544 2102 cilium
590 2045 657 2102 de
699 2045 854 2119 Lupo
899 2044 1176 2119 perdendo
1208 2044 1513 2117 Carneadis,
1568 2046 1661 2119 qui
1705 2044 1897 2102 eodem
1942 2062 2051 2120 quo
2097 2045 2157 2103 P.
2189 2046 2475 2105 Africanus
2519 2046 2657 2102 obiit

362 2146 529 2202 ann0,
573 2129 803 2187 habetur
834 2138 895 2186 ut
925 2131 1124 2186 mortui
1154 2131 1379 2187 mentio,
1454 2145 1592 2203 quae
1626 2127 1916 2187 difficultas
1960 2132 2064 2187 nisi
2102 2132 2177 2187 ita
2209 2130 2546 2205 expedietur,
2592 2140 2656 2188 ut

364 2215 600 2272 dicamus
630 2214 891 2272 Lucilium
936 2213 1071 2270 illud
1107 2214 1183 2283 de
1226 2213 1495 2271 Carneade
1542 2215 1913 2273 testimonium
1954 2224 2170 2273 saturae
2210 2216 2485 2290 aliquanto
2531 2225 2655 2273 ante

364 2317 409 2356 a.
458 2317 514 2356 u.
564 2299 687 2357 625
733 2299 816 2355 vel
862 2298 941 2356 26
1000 2300 1231 2374 scriptae
1285 2298 1380 2355 sed
1425 2306 1553 2373 post
1609 2306 1930 2357 retractatae
1973 2301 2304 2371 inseruisse,
2351 2300 2654 2370 fatendum,

365 2384 511 2459 quod
555 2401 684 2441 sane
726 2386 940 2459 saepius
984 2393 1115 2440 suut
1172 2384 1351 2458 questi
1396 2384 1674 2455 historici,
1732 2384 1800 2440 de
1855 2384 2289 2442 Gracchanorum
2347 2393 2654 2460 temporum

363 2470 587 2526 historia
619 2485 808 2544 parum
839 2468 999 2524 nobis
1028 2475 1295 2525 constare.
1341 2498 1427 2509 -—
1472 2468 1571 2527 68.
1607 2468 1707 2526 69.
1767 2471 1930 2543 atqui
1951 2474 2241 2543 primores
2267 2473 2471 2544 populi
2499 2475 2652 2527 arri-

359 2559 518 2628 puit,·
548 2563 763 2629 praeter
792 2554 1064 2611 Metellum
1096 2561 1153 2610 et
1181 2553 1390 2628 Lupum
1422 2553 1478 2614 C.
1510 2552 1828 2625 Carbonem,
1859 2554 1919 2611 L.
1948 2555 2236 2629 Opimium,
2267 2555 2348 2624 Q„
2365 2555 2652 2630 Opimium,

364 2640 424 2695 T.
458 2638 762 2712 Albucium,
793 2638 851 2694 L.
885 2638 1171 2695 Hostilium
1202 2638 1494 2711 Tubulum,
1537 2639 1599 2696 P.
1631 2647 1687 2694 et
1717 2640 1777 2708 Q.
1809 2639 2013 2696 Mucios
2044 2639 2346 2712 ScaevolaS,
2391 2639 2450 2696 L.
2485 2641 2652 2697 Aure·

363 2724 493 2781 lium
525 2723 755 2799 Cottam,
784 2724 846 2781 P.
884 2723 1209 2795 Gallonium,
1240 2722 1393 2780 alios.
1433 2754 1505 2764 —
1535 2727 1925 2799 populumque
1956 2726 2205 2782 tributim
2216 2749 2236 2790 ,-
2279 2725 2346 2781 de
2377 2724 2563 2782 eadem
2595 2742 2653 2781 re

365 2808 537 2865 schol.
567 2808 736 2865 Persii
767 2808 832 2864 ad
861 2807 995 2866 illud
1026 2812 1210 2866 secuit
1233 2806 1492 2865 Lucilius
1520 2811 1719 2866 urbem
1737 2833 1752 2863 .-
1781 2808 2024 2867 ‘urbem’
2055 2812 2203 2866 dixit
2233 2808 2481 2880 ‘secuit',
2515 2814 2652 2884 quia

366 2894 548 2951 tribus
578 2909 774 2951 omnes
801 2887 1036 2968 tridium
1081 2896 1332 2967 quinque
1373 2896 1681 2966 laceravit,
1726 2910 1805 2953 ex
1848 2896 2054 2968 quibus
2083 2896 2225 2964 urbs
2255 2902 2372 2952 tola
2405 2902 2653 2952 constat.

363 2978 470 3035 huc
500 2979 737 3052 pertiuet
765 2978 900 3035 illud
949 2972 1081 3054 [inc.
1117 2972 1184 3053 6]
1225 2979 1418 3050 prima
1439 2978 1698 3050 Papiria
1734 2979 2190 3037 Tuscolidarum.
2257 2979 2483 3038 videnda
2516 2996 2656 3054 quae

363 3062 436 3119 ibi
481 3070 612 3119 sunt
656 3070 923 3119 annotata.
970 3093 1054 3103 —
1097 3071 1336 3119 ceterum
1383 3064 1466 3118 vix
1513 3071 1598 3119 est
1643 3063 1791 3136 quod
1849 3080 2162 3120 moneamus
2219 3081 2329 3121 non
2374 3066 2544 3139 magis
2590 3064 2652 3120 ab

363 3149 634 3223 equestris
687 3147 892 3204 ordinis
946 3147 1030 3203 vel
1098 3145 1340 3222 plebeiae
1394 3148 1559 3204 sortis
1628 3147 1935 3205 homiuibus
1991 3150 2272 3223 carpendis
2329 3148 2653 3206 abstinuisse

363 3233 649 3304 Lucilium,
697 3240 756 3288 ut
797 3241 930 3306 puta
974 3230 1091 3289 Tib.
1139 3229 1343 3304 Asello,
1388 3231 1568 3297 Calvo,
1615 3232 1928 3289 Hortensio.
2018 3233 2085 3289 de
2130 3235 2308 3308 poetis
2353 3231 2417 3289 ab
2461 3232 2653 3289 eodem

365 3317 564 3374 vexatis
608 3318 711 3372 iam
755 3318 969 3390 saepius
1012 3316 1257 3372 vidimuS.
1311 3346 1398 3358 -—
1458 3323 1620 3390 atque
1665 3318 1798 3373 adeo
1844 3334 1910 3374 ex
1954 3317 2268 3392 fragmentis
2324 3319 2440 3374 eius
2486 3335 2675 3393 quanq

365 3403 562 3459 tumvis
606 3402 797 3457 laceris
842 3418 905 3457 ac
947 3402 1165 3458 minutis
1221 3400 1380 3474 plene
1436 3411 1712 3476 comparet
1767 3404 1885 3458 iure
1938 3419 2039 3458 suo
2082 3401 2421 3458 Lactantium
2474 3403 2654 3459 dicere

363 3504 487 3543 eum
531 3503 632 3543 nec
675 3486 756 3542 dis
802 3502 903 3544 nec
959 3483 1264 3542 hominibus
1319 3487 1646 3560 pepercisse.
1715 3517 1784 3525 —
1849 3487 1946 3545 70.
2003 3489 2222 3545 scilicet
2277 3491 2380 3543 uni
2431 3504 2655 3562 aequus

365 3575 565 3630 virtuti
603 3577 779 3645 atque
825 3574 948 3627 eius
1000 3573 1232 3635 amicis;
1283 3569 1430 3627 huuc
1483 3586 1699 3627 versum
1754 3570 1896 3627 haud
1951 3570 2183 3627 absurde
2241 3571 2377 3628 dixit
2420 3571 2653 3628 Orellius

364 3657 530 3713 videri
573 3655 676 3712 sibi
718 3656 951 3729 petitum
996 3672 1060 3710 ex
1102 3654 1327 3711 Lucilio.
1418 3661 1566 3711 certe
1619 3655 1753 3711 nihil
1808 3661 1893 3711 est
1950 3673 2046 3712 cur
2090 3656 2194 3713 alio
2247 3673 2406 3731 qnam
2450 3659 2654 3713 iustum

364 3749 417 3797 et
453 3757 695 3816 aequum
739 3740 958 3796 sortiter
988 3738 1197 3795 tutandi
1241 3739 1469 3795 consilio
1514 3739 1734 3796 ductum
1781 3742 2044 3814 carpsisse
2075 3741 2324 3798 homines
2354 3750 2656 3799 statuamus

316 3866 328 3881 .
362 3825 533 3882 illum.
624 3824 873 3880 similiter
916 3824 983 3882 de
1027 3841 1087 3880 se
1130 3824 1545 3897 Aristophanes:
1601 3815 1736 3880 ἄλλ’
1789 3816 1962 3898 ὑμεῖς
2014 3820 2238 3901 μήποτε
2283 3818 2524 3901 delon&
2569 3819 2653 3897 ὥς

363 3903 711 3990 κωμῳδήσει
752 3903 824 3964 τὰ
864 3903 1087 3967 δίκαιοι.

531 4013 632 4069 21.
707 4019 783 4083 te,
827 4014 1019 4085 Lupe,·
1072 4011 1140 4067 de
1192 4011 1347 4086 Lupo
1396 4011 1557 4068 modo
1603 4010 1825 4069 dictum.
1873 4044 1950 4053 —
1999 4021 2084 4085 te,
2130 4013 2319 4079 Muci3
2362 4015 2516 4072 fuere
2560 4018 2654 4090 qui

363 4105 667 4155 statuerent
696 4096 761 4165 Q.
792 4097 1024 4154 Mucium
1047 4096 1350 4153 Scaevolam
1380 4113 1665 4171 augurem,
1696 4114 1957 4172 generum
1987 4098 2137 4155 illum
2168 4099 2225 4153 L.
2253 4098 2450 4170 Crassi,
2481 4109 2537 4157 et
2566 4101 2655 4156 hic

340 4185 507 4258 .tangi
539 4190 598 4239 et
630 4199 788 4238 versu
831 4182 1117 4253 luvenaliS,
1160 4182 1253 4255 qui
1281 4181 1419 4237 inl'ra
1451 4180 1744 4238 adteretur.
1819 4182 1915 4239 sed
1946 4200 2068 4239 cum
2100 4190 2252 4240 tanto
2284 4183 2410 4240 odio
2442 4186 2499 4240 in
2530 4202 2653 4241 eum

362 4284 620 4324 accensus
667 4266 837 4324 fuisse
880 4266 1124 4324 videatur
1164 4265 1433 4338 LuciliuS,
1486 4275 1690 4339 quanto
1734 4268 1788 4323 in
1832 4266 2074 4341 Lupum,
2133 4269 2214 4324 vix
2258 4268 2405 4324 credi
2449 4277 2668 4344 potest,-

363 4352 525 4409 Persii
572 4360 630 4409 et
675 4352 935 4409 luvenalis
978 4352 1131 4409 locos
1175 4352 1449 4425 pertinere
1495 4351 1557 4407 ad
1605 4368 1727 4408 eum
1774 4353 1859 4408 cui
1912 4351 2208 4409 subiratum
2267 4353 2434 4411 ruisse
2478 4356 2654 4411 satiri-

71 4675 486 5012 L.
