3267 5075
701 370 830 436 272
1629 372 1848 426 LIBER
1885 371 2056 426 XXX.

700 548 890 597 auctor
950 538 1204 595 barbarus
1262 550 1317 595 et
1371 541 1558 595 aetatis
1619 539 1867 611 ultimae,
1928 557 1975 594 v.
2037 539 2150 609 56,
2214 547 2271 593 ut
2329 539 2409 597 55
2472 540 2526 595 iu
2583 539 2673 596 illo
2725 544 2942 613 quirilal.

699 656 782 666 —
838 626 1104 687 blennos,·
1169 623 1366 680 Paulus
1422 623 1501 680 35
1558 625 1796 681 bienno-s
1851 626 2056 680 stultos
2111 639 2235 680 esse
2289 624 2542 681 Plautus
2594 627 2825 694 indicat,
2871 624 2946 680 ubi

702 708 991 766 Muellerus
1035 717 1123 765 ese
1168 709 1453 765 Graecum
1496 703 1778 784 βλέννος,
1829 710 2091 782 fortasse
2135 725 2165 764 e
2209 708 2408 765 Sicula
2455 711 2741 767 comoedia
2781 716 2945 765 trans·

699 797 901 852 latum.

872 878 970 936 83.
1046 886 1174 934 sunt
1220 876 1377 934 verba
1423 879 1681 972 nutrici8‚
1736 895 1873 952 quae
1916 878 2129 935 alumna
2187 880 2289 933 iam
2335 877 2517 933 adulta
2565 877 2851 935 familiarius
2899 886 2945 931 ut

702 965 831 1021 olim
892 964 969 1019 uti
1025 979 1186 1037 posse
1232 980 1291 1018 se
1345 971 1547 1037 sperat.
1637 970 1883 1019 aetatem
1937 965 1972 1019 i.
2018 980 2064 1018 e.
2125 963 2325 1019 multos
2369 979 2542 1019 annos
2598 971 2656 1019 ut
2706 963 2739 1018 Ι.
2782 963 2812 1019 Ι.
2854 978 2944 1018 non

703 1057 892 1105 lamen
937 1055 1203 1121 aetatem.
1251 1077 1327 1087 —-
1375 1048 1553 1107 haec.
1595 1046 1957 1121 supplendum
1992 1046 2146 1103 verba
2177 1048 2352 1121 qualia
2382 1056 2514 1102 sunt
2554 1049 2761 1120 pullus,
2803 1048 2945 1103 catel-

699 1136 794 1190 lus
835 1141 941 1190 etc.
996 1163 1081 1172 —
1134 1116 1405 1189 daturum
1451 1142 1510 1188 ut
1557 1133 1590 1188 Ι.
1639 1132 1699 1188 ΧΙ
1756 1138 2102 1203 nuptarum.-
2157 1132 2244 1188 ubi
2290 1134 2594 1188 notavimus
2650 1132 2840 1187 similia.
2880 1160 2963 1213 —·

704 1234 814 1275 nou
852 1227 999 1273 recte
1043 1217 1412 1273 Lachmannus
1458 1234 1650 1273 comm.
1699 1216 1856 1273 Lucr.
1901 1235 1953 1291 p.
2002 1216 2080 1273 82
2140 1233 2392 1291 sperans
2445 1220 2675 1273 lactare
2715 1233 2796 1272 me
2833 1232 2943 1271 ean-

701 1305 826 1359 dem
868 1302 1025 1358 hanc
1065 1319 1357 1375 proporro
1396 1318 1568 1375 posse
1613 1310 1667 1358 el
1712 1317 1970 1358 mansum
2016 1317 2096 1357 ex
2139 1317 2240 1357 ore
2283 1304 2554 1358 daturum
2601 1310 2765 1357 metro
2802 1302 2944 1355 miuus

703 1386 951 1459 elegante
996 1393 1053 1442 et
1096 1388 1360 1443 sententia
1406 1403 1514 1441 non
1559 1388 1689 1442 satis
1735 1387 1893 1458 apt'a3
1939 1394 2214 1459 praeterea
2262 1387 2561 1442 mutatione
2604 1386 2877 1441 audaciore.

872 1471 973 1528 85.
1046 1472 1140 1528 hic
1185 1480 1246 1527 at
1290 1488 1339 1527 e.
1385 1488 1439 1544 q.
1484 1488 1529 1525 ⁸.
1575 1472 1758 1544 agitur
1801 1470 1867 1525 de
1913 1471 2129 1526 homine
2174 1471 2455 1527 insidioso.

871 1556 974 1613 87.
1048 1554 1205 1611 verba
1250 1554 1435 1611 Lucilii
1481 1557 1666 1611 nescio
1712 1571 1776 1609 an
1816 1556 2017 1610 rectius
2047 1556 2300 1628 sequenti
2320 1555 2566 1611 lemmati
2599 1552 2944 1622 adscribantur,

705 1639 851 1714 quod
898 1648 982 1696 est
1025 1656 1204 1698 ruere
1245 1655 1438 1696 eruere
1481 1640 1676 1697 levare.
1750 1640 1986 1712 quodsi
2031 1656 2189 1695 secus
2237 1639 2416 1710 habet,
2462 1648 2556 1694 aut
2599 1640 2843 1695 stultitiae
2879 1637 2945 1691 vel

704 1726 915 1781 solitam
962 1727 1265 1799 superantis
1312 1741 1438 1797 reus
1484 1734 1568 1779 est
1612 1724 1816 1780 Nonius
1863 1733 1954 1781 aut
2000 1723 2343 1780 scribendum
2388 1727 2572 1797 potius
2619 1728 2737 1780 ruis
2775 1725 2888 1778 huc.

874 1810 973 1867 90.
1049 1818 1284 1884 nugatur
1327 1809 1550 1865 Nouius,
1955 1827 1961 1833 ·

873 1896 975 1951 91.
1053 1894 1179 1971 haec
1226 1911 1334 1950 non
1378 1892 1446 1949 de
1489 1892 1546 1949 C.
1594 1892 1773 1948 Caelio
1818 1891 1999 1949 iudice
2037 1892 2131 1949 sed
2188 1893 2256 1949 de
2312 1893 2498 1967 pugile
2544 1893 2721 1968 aliquo
2773 1900 2853 1947 aut
2890 1890 2948 1945 la·

706 1990 862 2035 trone
907 1979 1046 2034 dicta
1090 1988 1214 2052 apte
1261 1987 1444 2035 mouet
1474 1978 1834 2034 Franckenius
1880 1977 1943 2048 ΙΙ,
1976 1978 2086 2040 83;
2135 1979 2225 2052 qui
2270 1978 2424 2033 affert
2456 1977 2642 2033 Horati
2672 1977 2793 2033 illud
2836 1970 2947 2051 [sat.

706 2064 746 2134 Ι,
777 2063 840 2134 4,
871 2058 981 2138 69]
1032 2072 1091 2119 ut
1135 2068 1216 2119 sis
1259 2071 1319 2119 lu
1364 2065 1560 2120 similis
1603 2062 1765 2118 Caeli
1808 2063 2083 2135 Birrique
2125 2066 2434 2119 latronum.
2488 2092 2563 2103 —
2625 2061 2776 2117 Caeli
2784 2086 2800 2124 ;
2835 2068 2948 2133 puto

705 2143 813 2204 uon
857 2150 1027 2221 ipsius
1074 2148 1307 2203 bominis
1351 2147 1445 2203 scil
1492 2146 1680 2202 similis
1724 2148 1959 2202 saevitia.
2006 2176 2088 2186 -—-
2130 2163 2378 2219 puyna8‚
2418 2164 2650 2219 puynos
2678 2146 2852 2207 Dousa,
2880 2144 2949 2198 cui

705 2231 934 2287 libenter
976 2231 1391 2302 subscriberem,
1438 2233 1539 2288 nisi
1584 2233 1844 2305 refragari
1891 2231 2164 2286 videretur
2205 2231 2426 2287 Nonius.

875 2316 976 2373 92.
1054 2316 1319 2389 Vergilius
1363 2332 1479 2373 aeu.
1527 2316 1614 2386 ΙΙΙ,
1659 2312 1782 2372 593
1827 2317 1956 2372 dira
2001 2320 2245 2374 inluvies
2284 2321 2635 2390 inmissaque
2678 2316 2863 2372 barba.

875 2401 973 2458 97.
1048 2402 1331 2474 quondam
1385 2402 1436 2456 iu
1482 2402 1883 2474 comparatione
1938 2401 2079 2457 sicut
2135 2404 2347 2475 saepius
2393 2405 2545 2458 olim.
2634 2401 2724 2457 Ov.
2770 2407 2953 2455 metam.

707 2486 833 2558 Vlll,
889 2486 1006 2544 191
1076 2489 1161 2543 sic
1215 2489 1436 2542 rustica
1490 2487 1776 2559 quondam
1827 2486 2026 2557 fistula
2064 2487 2414 2559 ·disparibus
2471 2489 2749 2559 paulatim
2798 2485 2956 2557 sui-qil

670 2576 934 2634 -avenis,·
977 2572 1077 2627 nisi
1124 2574 1305 2645 potius
1349 2569 1691 2627 scribendum
1735 2575 1913 2643 rupit.
1963 2601 2040 2609 —
2087 2576 2231 2644 risu,
2276 2575 2437 2628 immo
2484 2576 2662 2629 reisu.

880 2656 1019 2717 100.
1092 2665 1148 2711 et
1191 2657 1395 2713 Musca
1454 2652 1507 2729 (i.
1553 2672 1603 2712 e.
1651 2650 1947 2728 Μύσκων)
1996 2665 2051 2711 et
2096 2657 2255 2714 Muto
2309 2658 2525 2713 nomina
2582 2664 2726 2713 recte
2769 2654 2958 2710 liabent.

704 2742 797 2797 sed
844 2744 1027 2816 potior
1071 2751 1187 2798 erat
1230 2742 1523 2797 auctoritas
1555 2740 1739 2813 Nonii3
1790 2740 2086 2796 Muttunem
2133 2742 2367 2814 praefert
2401 2742 2757 2798 Franckeuius
2789 2740 2847 2811 ΙΙ,
2874 2736 2962 2808 92,

705 2827 798 2899 qui
842 2829 984 2901 carpi
1033 2835 1183 2900 putat
1229 2824 1290 2892 Q.
1338 2825 1633 2880 Muttonem
1691 2824 1960 2880 homiuem
2005 2825 2433 2881 sordidissimum
2491 2827 2582 2900 qui
2628 2842 2746 2881 cum
2796 2823 2962 2880 iniuria

704 2911 968 2966 affecisset
1015 2910 1071 2966 l..
1122 2910 1328 2966 Aelium
1373 2907 1645 2965 Stilonem
1695 2926 1722 2964 a
1767 2908 1961 2964 liberto
2018 2912 2135 2965 eius
2193 2920 2276 2968 est
2332 2912 2388 2965 in
2434 2912 2520 2967 ius
2567 2918 2811 2978 vocatus3
2865 2910 2965 2963 eius

706 2997 947 3051 meminit
990 2994 1177 3050 Cicero
1223 2996 1277 3050 in
1324 2993 1660 3050 orationibus
1705 3010 1804 3067 pro
1849 2993 2050 3049 Scauro
2096 3004 2151 3050 et
2197 3011 2295 3069 pro
2342 2994 2643 3061 Fundanio.
2690 3024 2768 3034 —-
2822 3001 2964 3064 laya-

706 3096 857 3148 cem,
915 3095 1194 3151 rapacem
1209 3104 1226 3142 ‚·
1282 3095 1399 3134 naun
1453 3078 1663 3133 videtur
1725 3078 1832 3134 salli
1890 3079 2158 3134 sententia
2219 3079 2428 3136 Festus.
2494 3110 2563 3120 —
2619 3080 2964 3151 perscribere

707 3163 1033 3221 verberibus,
1131 3162 1372 3218 Catullus
1430 3179 1502 3218 ne
1566 3165 1798 3219 laneum
1862 3165 2215 3221 latusculum
2281 3179 2602 3239 manusque
2654 3164 2964 3220 mollicellas

705 3254 896 3307 inusta
954 3252 1203 3321 turpiter
1255 3249 1357 3304 libi
1394 3250 1629 3321 flayella
1678 3248 2136 3312 conscribillenl;
2194 3251 2263 3304 ita
2320 3258 2375 3304 et
2432 3250 2799 3306 conscribere
2839 3243 2959 3320 apud

706 3335 969 3390 Plautum.
2674 3371 2683 3378 ,

879 3419 1017 3476 101.
1092 3420 1439 3482 Palanlina3
1495 3418 1631 3473 banc
1677 3419 1888 3474 restitui
1937 3417 2159 3473 sormam
2216 3426 2400 3493 aperta
2454 3418 2714 3476 librorum
2767 3424 2958 3475 secutus

710 3506 961 3578 vestigia3
1019 3521 1122 3577 qua
1170 3521 1328 3577 quam
1376 3502 1529 3560 facile
1575 3505 1819 3576 potuerit
1866 3504 1942 3559 uti
1990 3502 2225 3559 Lucilius
2269 3506 2379 3560 cito
2435 3503 2784 3578 intellegetur
2823 3516 2960 3574 repu-

709 3588 1169 3660 tantibusvsuisse
1221 3588 1515 3662 plerosque
1570 3589 1664 3660 qui
1709 3604 1737 3641 a
1784 3587 2002 3643 Palanto
2059 3604 2223 3644 uxore
2280 3588 2450 3644 Latini
2512 3588 2628 3645 sive
2679 3606 2707 3644 a
2749 3587 2958 3643 Pallante

708 3670 939 3727 Euandri
984 3670 1095 3729 filio
1141 3689 1335 3729 nomen
1381 3673 1657 3729 «lucerent.
1746 3671 1826 3728 Cf.
1873 3670 2017 3728 Fest.
2061 3690 2154 3746 pg.
2205 3672 2327 3730 220
2371 3691 2413 3728 s.
2461 3691 2512 3728 v.
2562 3672 2829 3730 Palatium.

886 3755 1021 3813 102.
1095 3757 1209 3813 Cat.
1260 3758 1359 3833 15,
1410 3758 1487 3814 16
1533 3765 1594 3813 ul
1639 3766 1898 3813 nostrum
1945 3759 2165 3813 insidiis
2210 3766 2388 3830 capul
2429 3760 2707 3816 lacessas.

882 3841 1020 3898 103.
1096 3844 1300 3904 nolilo;
1343 3841 1525 3897 eadem
1573 3843 1743 3897 surina
1791 3859 1921 3897 usus
1969 3841 2096 3897 Hor.
2145 3844 2196 3898 in
2244 3852 2357 3898 arte
2402 3846 2647 3917 poetica:

964 3969 1135 4026 inolito
1180 3970 1243 4026 ad
1292 3986 1476 4026 versus
1524 3969 1615 4028 tibi
1664 3971 1835 4027 factos
1879 3971 2091 4027 ducere*
2124 3970 2341 4045 plenum

964 4055 1215 4113 laetitiae.
2216 4073 2224 4083 ·

884 4194 1022 4254 105.
1110 4195 1284 4250 minus
1340 4201 1488 4249 recte
1543 4194 1794 4268 explicari
1839 4194 1971 4253 illud
2027 4195 2288 4255 habendo
2343 4215 2370 4253 a
2416 4197 2751 4274 philargyria
2799 4196 2949 4249 monet

711 4281 1101 4351 Lacliniannus,
1147 4281 1239 4353 qui
1284 4278 1496 4335 confert
1541 4278 1772 4337 Lucretii
1819 4283 2118 4356 exemplum
2168 4277 2236 4358 [l‚
2267 4277 2421 4357 312]
2470 4287 2682 4342 anulus
2717 4289 2767 4340 in
2807 4279 2948 4349 dr'yilv

711 4367 907 4422 subter
949 4373 1223 4422 tenuatur
1264 4365 1546 4422 habendo.
2771 4390 2779 4401 ·
2818 4379 2831 4394 ·
