3267 5075
1098 413 1195 466 Ex
1232 412 1467 491 LIBRIS
1506 412 1863 468 INCERTIS.
2176 418 2189 430 ‘
2489 412 2618 476 273

1199 685 1270 742 Ex
1317 686 1468 743 libris
1511 689 1752 744 incertis

503 841 560 897 1.
636 839 967 897 nobilissima
1021 838 1109 896 illa
1164 851 1218 896 et
1276 858 1400 898 vere
1448 840 1681 897 Romana
1727 839 1968 897 delinitio
2026 843 2273 915 virtutis,
2331 860 2466 915 quae
2514 852 2619 898 tam

327 925 495 1001 longo
541 925 825 982 intervallo
871 942 898 979 a
944 924 1270 982 Graecorum
1324 926 1770 1000 philosophorum
1817 926 2027 999 placitis
2086 943 2244 998 qnam
2302 946 2331 982 a
2375 928 2621 983 christia-

327 1027 522 1066 norum
568 1010 814 1066 doctrina
844 1009 1040 1078 distat3
1088 1027 1244 1084 quam
1276 1019 1462 1066 contra
1493 1010 1752 1067 Lucilium
1786 1011 1986 1066 adserit
2017 1010 2337 1067 Lactantius,
2382 1042 2464 1052 ——
2509 1015 2621 1068 vir·

329 1101 418 1151 tus
463 1096 638 1151 sexies
684 1094 994 1168 repetitum.
1070 1103 1193 1173 'tam
1239 1094 1555 1168 frequentes
1611 1096 1930 1151 iterationes
1977 1095 2216 1150 nondum
2273 1095 2483 1151 adultae
2528 1106 2621 1152 ant

231 1201 242 1215 ·
326 1181 663 1236 senescentis
719 1188 847 1235 sunt
906 1181 1067 1248 artis;
1124 1181 1320 1252 etenim
1378 1181 1825 1253 castigatissimus
1884 1182 2115 1253 quisque
2170 1181 2407 1254 scriptor
2451 1181 2619 1236 semel

324 1263 635 1339 repetendis
668 1280 764 1338 per
794 1263 1117 1337 anaphoram
1150 1263 1324 1320 verbis
1356 1264 1508 1320 fuere
1537 1266 1800 1321 contenti.
1867 1281 2004 1320 saec.
2039 1283 2092 1338 p.
2128 1264 2252 1320 Cltr.
2287 1282 2337 1320 n.
2372 1265 2413 1318 V
2444 1266 2619 1338 poetis
2664 1303 2669 1309 .

326 1349 453 1422 qnid
501 1351 556 1404 in
604 1349 699 1404 liae
744 1357 892 1422 parte
939 1348 1198 1422 placuerit
1242 1358 1463 1423 apparet
1509 1348 1716 1408 anthol.
1765 1346 1880 1406 Lat.
1927 1348 2071 1419 290,
2105 1348 2385 1419 28—363
2438 1349 2620 1421 1024,

327 1432 598 1490 36—58.
647 1463 726 1475 —
770 1435 1002 1496 Albine,·
1045 1443 1179 1506 puto
1224 1431 1516 1508 significari
1562 1434 1623 1492 A.
1674 1433 2008 1489 Postumium
2056 1433 2169 1489 Alb.
2204 1450 2355 1494 cons,
2396 1452 2440 1490 a.
2476 1434 2619 1491 603.

497 1517 556 1573 2.
619 1522 704 1575 vis
746 1526 831 1596 ese
875 1521 1024 1581 vita,-
1067 1517 1342 1575 Menandri
1388 1528 1620 1574 monost.
1713 1517 1791 1575 66
1838 1514 1965 1593 βίος
1996 1513 2272 1592 κέκληται
2301 1511 2361 1573 δ’
2407 1512 2473 1586 ὅς
2516 1514 2618 1597 βίᾳ
2720 1586 2729 1593 ᾖ

323 1598 642 1679 πορίζεται.
707 1607 722 1621 ”

496 1687 557 1743 4.
637 1688 768 1744 hacc
811 1687 1064 1744 Lucretio
1112 1686 1391 1744 obversata
1434 1698 1583 1759 sunt,
1631 1705 1751 1745 eum
1797 1689 2015 1762 scripsit
2064 1682 2156 1763 [ll‚
2205 1688 2239 1744 9
2274 1683 2422 1763 sqq.]

583 1817 864 1890 despicere
913 1817 1052 1873 unde
1099 1834 1262 1890 queas
1309 1818 1442 1872 alios
1487 1820 1800 1891 passimque
1845 1817 2022 1873 videre

584 1918 768 1957 errare
811 1910 974 1975 atque
1021 1903 1153 1957 viam
1200 1901 1427 1974 palantis
1473 1918 1731 1974 quaerere
1778 1903 1936 1971 vitae,

584 1994 793 2042 certare
839 1988 1093 2059 ingenio,
1138 1986 1466 2043 contendere
1513 1985 1827 2057 nobilitate,

585 2081 775 2126 noctes
818 2078 980 2142 atque
1025 2070 1139 2126 dies
1185 2072 1284 2126 niti
1330 2079 1637 2143 praestante
1682 2069 1893 2139 labore,

585 2154 649 2209 ad
695 2170 927 2209 summas
972 2171 1251 2230 emergere
1296 2171 1428 2228 opes
1470 2171 1763 2228 rerumque
1806 2157 1988 2228 potiri.

328 2287 506 2342 eidem
553 2282 759 2356 disyll.,
804 2283 873 2339 cl'.
920 2283 975 2340 d.
1020 2301 1063 2338 r.
1113 2300 1182 2338 m.
1228 2282 1369 2339 271.

500 2369 559 2426 5.
633 2376 689 2422 nt
734 2367 986 2423 dele-ndat
1016 2368 1260 2425 codicum
1294 2368 1582 2424 lectionem
1615 2369 1821 2441 Dousa‚
1867 2368 2085 2443 supplet
2128 2367 2259 2425 illud
2293 2372 2619 2428 candidato.

328 2487 402 2494 —
456 2470 640 2528 porro·
671 2454 937 2525 scripsere
982 2452 1226 2526 plerique
1273 2456 1422 2509 tanti
1460 2457 1585 2526 ipse
1629 2459 1773 2518 sies.-
1819 2471 1926 2510 non
1973 2461 2152 2518 recte;
2200 2471 2320 2509 nam
2365 2456 2439 2510 ita
2485 2474 2622 2511 ταυ-

328 2541 559 2615 τολογεῐ
598 2541 792 2620 oratio.
826 2569 910 2579 —-—
939 2540 1177 2594 imitatus
1222 2547 1307 2594 est
1353 2540 1404 2593 h.
1440 2538 1477 2595 l.
1512 2538 1764 2595 Horatius
1796 2549 1897 2595 sat.
1934 2540 1974 2611 l,
2012 2540 2066 2611 1,
2100 2539 2178 2596 62
2226 2543 2306 2596 nil
2351 2546 2495 2598 satis
2538 2549 2623 2597 est

327 2629 533 2699 inquit,
579 2627 714 2697 quia
758 2626 925 2695 tanti,
971 2630 1246 2695 quantum
1287 2624 1526 2696 Ιιαϋεαε,
1572 2628 1669 2681 sis.
1713 2654 1797 2664 --
1841 2624 2102 2697 Apuleius
2146 2626 2199 2679 in
2233 2626 2388 2698 Apol.
2439 2644 2484 2681 e.
2521 2625 2620 2681 23.

329 2717 387 2767 tu
425 2726 566 2766 vero
601 2712 911 2765 Aemiliane
940 2715 995 2763 et
1039 2710 1099 2764 id
1136 2724 1320 2782 qenus
1349 2709 1602 2765 homines
1647 2715 1733 2765 uti
1775 2718 1835 2766 tu
1881 2725 1961 2778 es,
2008 2712 2214 2765 inculti
2256 2717 2311 2764 et
2341 2720 2617 2783 ayrestes,

326 2798 478 2852 lanei
521 2808 730 2850 revera
763 2796 900 2848 estis
929 2801 1210 2866 quantum
1235 2794 1473 2849 habetis.
1527 2825 1597 2833 --
1648 2803 1752 2849 cet.
1799 2795 1865 2849 cl'.
1911 2793 2051 2848 Plut.
2085 2793 2151 2848 de
2182 2795 2394 2849 avaritia
2439 2812 2552 2868 cap.
2586 2794 2618 2849 7

326 2875 607 2953 κέρδαινε
654 2872 755 2933 καὶ
809 2872 1022 2950 φείδου
1064 2896 1166 2933 και
1205 2872 1485 2934 τοσούτου
1524 2873 1728 2977 νόμιζε.
1758 2872 2026 2947 σεαυτόν,
2073 2870 2215 2932 όσον
2256 2870 2337 2934 οἶν
2378 2873 2563 2964 ἔχῃς.

502 2963 561 3021 6
645 2958 1111 3025 Tuscolidarum;
1155 2963 1293 3018 lianc
1337 2963 1560 3018 formam
1610 2973 1669 3018 ut
1715 2965 1770 3018 in
1817 2961 2074 3019 vocabulo
2127 2964 2213 3018 cui
2260 2965 2620 3035 graecanicam

328 3049 826 3123 patronymicorum
884 3048 1312 3103 terminationem
1370 3045 1702 3103 adhibuisset
1746 3046 2006 3103 Lucilium
2060 3046 2317 3120 probasse
2373 3065 2481 3104 non
2540 3058 2623 3103 est

328 3132 478 3208 quod
526 3135 801 3188 miremur.
847 3159 930 3174 -—
974 3133 1244 3204 Papiria,
1290 3133 1412 3206 quia
1458 3131 1744 3188 Tusculani
1792 3141 1945 3187 erant
1992 3134 2042 3187 in
2091 3131 2231 3187 tribu
2265 3132 2501 3206 Papiria3
2548 3133 2616 3188 cs.
2661 3189 2667 3196 ,

330 3218 443 3274 Liv.
496 3216 626 3287 vm,
673 3216 772 3274 37.
835 3246 908 3256 -—
967 3216 1271 3289 inprobatio
1318 3227 1494 3272 antem
1541 3216 1968 3272 Tusculanorum
2015 3217 2198 3271 livoris
2244 3216 2622 3272 continebatur

330 3303 539 3359 Graeco
584 3301 680 3358 illo
725 3302 1011 3372 versiculo,
1058 3317 1219 3374 quem
1265 3301 1481 3357 fortuna
1528 3300 1682 3357 nobis
1726 3301 1930 3357 invidit.

407 3397 412 3402 ’
507 3387 562 3444 7.
645 3385 977 3461 Oufentina,
1027 3385 1274 3458 Oufente
1290 3411 1305 3447 ;
1361 3386 1556 3441 Marius
1604 3386 1738 3441 Yict.
1789 3386 1863 3441 12
1910 3390 2096 3442 nostri
2145 3389 2311 3441 etiam
2356 3385 2621 3460 (antiqui)

329 3476 597 3547 quotiens
646 3473 893 3528 eiusdem
938 3474 1065 3528 soni
1105 3471 1330 3542 syllaba
1377 3471 1681 3527 scribenda
1728 3478 1907 3541 esset,
1964 3478 2018 3525 et
2070 3472 2184 3541 ipsi
2232 3471 2622 3545 adiunyebant

330 3576 363 3614 ο
406 3560 644 3614 litterae
683 3575 743 3612 u.
806 3558 940 3612 incle
982 3560 1258 3627 scriptum
1289 3559 1477 3628 leyitis
1507 3557 1824 3626 Leuc-etim,
1871 3558 2155 3624 nominos,
2202 3563 2255 3610 ee
2297 3558 2521 3613 loumen
2569 3569 2622 3613 et

330 3650 555 3698 cetera.
631 3649 908 3714 praeterea
954 3639 1096 3697 conf.
1130 3640 1330 3696 Ritscli.
1379 3657 1571 3695 comm.
1622 3640 1687 3695 de
1734 3639 1955 3695 miliario
1985 3638 2264 3712 Popiliano
2307 3642 2480 3714 deque
2512 3645 2621 3715 epi·

330 3734 633 3802 grammate
677 3725 884 3782 Sorano
933 3744 1025 3800 pg.
1062 3725 1140 3782 33
1173 3731 1293 3799 sqq.
1342 3726 1493 3780 cuius
1539 3727 1653 3798 ipsa
1699 3723 1857 3780 verba
1888 3725 2120 3780 subicio:
2168 3724 2281 3780 ‘his
2323 3743 2475 3798 quae
2520 3743 2623 3784 ea:-

326 3815 507 3883 posui
550 3815 779 3867 curiose
818 3813 1124 3882 perpensis
1180 3815 1322 3865 salis
1378 3814 1488 3865 iam
1546 3809 1902 3881 confidenter
1956 3811 2418 3882 complectimur,
2475 3814 2629 3885 quod

329 3898 585 3953 modeste
629 3894 961 3952 Momsenus
1009 3898 1248 3951 coniecit
1291 3897 1362 3951 de
1405 3897 1539 3951 dial.
1584 3912 1642 3966 p
1694 3893 1811 3949 217
1847 3910 1930 3966 sq.
1978 3912 2090 3950 non
2136 3898 2307 3950 unius
2351 3899 2624 3967 simplicis

331 3983 555 4038 vocalis
596 3983 725 4036 Ioco
769 3983 926 4037 illam
973 3995 1099 4036 esse
1144 3998 1216 4035 ou
1262 3982 1615 4051 scripturam
1661 3980 1769 4034 sed
1805 3995 1883 4034 ex
1927 3995 1958 4033 o
2005 3981 2193 4035 vocali
2245 3987 2299 4036 et
2345 3999 2376 4035 v
2421 3997 2620 4036 conso-

328 4068 506 4124 nanti
559 4068 921 4136 compositam
982 4064 1308 4135 syllabam)
1372 4094 1440 4102 —
1503 4073 1559 4119 et
1609 4063 1868 4137 pleraque
1926 4046 2142 4136 quidem
2197 4063 2436 4136 exempla
2490 4066 2622 4119 satis
2712 4083 2717 4088 ·

329 4159 526 4225 aperte
571 4149 843 4205 Ritschelii
888 4150 1131 4222 opinioni
1179 4150 1354 4225 favere
1399 4157 1619 4222 apparet
1666 4147 1805 4219 (nam
1852 4156 1908 4202 et
1951 4165 2060 4221 prq
2098 4147 2242 4202 brevi
2287 4164 2322 4201 u
2353 4150 2624 4203 invenitur

330 4233 443 4309 ov),
495 4235 671 4289 omnia
717 4250 823 4288 non
871 4234 1247 4301 existimarim}
1304 4242 1449 4289 certe
1494 4250 1602 4287 non
1652 4233 1753 4288 lioe
1798 4235 1970 4307 ipsum
2029 4231 2174 4303 quod
2230 4241 2497 4287 servatum
2543 4245 2626 4290 est

328 4318 476 4394 apud
526 4317 817 4387 Lucilium3
873 4336 995 4374 nam
1051 4318 1331 4391 copulatae
1386 4317 1575 4373 Latino
1621 4334 1871 4373 sermone
1917 4333 1945 4368 v
1993 4325 2046 4369 et
2093 4315 2116 4370 l'
2165 4316 2467 4388 exemplum
2514 4335 2624 4374 non

329 4413 572 4481 prostat.
625 4413 693 4443 4-
743 4405 908 4477 igitur
951 4403 1183 4458 sortasse
1229 4405 1386 4458 etiam
1434 4402 1517 4457 hic
1565 4411 1622 4457 nt
1666 4401 1786 4457 alibi
1832 4402 1997 4474 prima
2045 4401 2121 4455 rei
2167 4401 2322 4473 origo
2353 4404 2624 4460 ratiuncu-

440 4500 492 4542 Ο.
523 4499 674 4540 Lucili
699 4503 839 4541 satur.
865 4500 946 4541 rel.
2132 4501 2197 4554 18
