3267 5075
653 368 737 430 70
1596 364 1817 419 LIBER
1857 363 2001 419 XVI.

1632 526 1729 590 IV
1778 523 1867 612 [7]
1899 526 1942 590 b

829 666 941 708 cur
985 646 1122 708 tam
1167 641 1514 728 ignaviter,
1560 642 1684 706 hoc
1730 640 2108 725 praesertim
2152 644 2466 725 tempore,
2513 640 2826 724 quaeris?

1662 755 1724 821 V
1773 753 1863 844 [4]
1896 779 1936 821 a

828 873 1072 958 legavit
1116 872 1376 957 quidam
1420 872 1605 937 uxori
1652 872 1963 937 mundum
2012 893 2200 936 omne
2245 893 2626 956 penumque.

831 989 1044 1074 atquei
1091 987 1242 1072 quid
1288 987 1627 1071 mundum,
1674 986 1825 1071 quid
1865 986 2049 1051 non?
2098 987 2241 1070 quis
2288 986 2527 1050 dividet
2565 987 2789 1051 istuc?

1485 1101 1579 1167 VI
1629 1099 1774 1188 [inc.
1826 1098 1977 1187 142]
2009 1098 2097 1166 b*

741 1216 785 1282 5
830 1219 1013 1283 uxori
1058 1218 1274 1302 legata
1309 1238 1511 1300 penus
1574 1264 1980 1286 „„„„„„„

1662 1328 1791 1395 VH
1841 1327 1930 1417 [3]

829 1470 939 1512 rex
978 1445 1176 1513 Coizus
1222 1447 1330 1511 ille
1376 1446 1500 1511 duo
1546 1447 1667 1510 hos
1716 1449 1960 1531 ventose,
2008 1450 2296 1510 austrum
2336 1449 2527 1531 alque
2565 1448 2975 1534 aquilonem,

831 1563 1088 1628 novisse
1135 1563 1349 1627 aiebat
1394 1562 1597 1645 80103,
1643 1561 1754 1626 sed
1801 1561 2088 1647 demagis
2134 1562 2296 1626 istos

835 1699 911 1742 ex
955 1677 1178 1742 nimbo
1225 1675 1529 1740 ausbellos
1574 1697 1694 1776 nec
1738 1655 1930 1741 nosse
1975 1698 2112 1742 nec·
2140 1698 2279 1741 esse
2324 1680 2568 1761 putare.

1647 1788 1946 1879 vtum]

834 1908 981 1974 ‘hoc
1027 1907 1199 1972 aliud
1244 1908 1523 1993 longest’
1571 1906 1797 1991 inquid
1844 1908 1954 1992 qui
2000 1929 2152 1991 cepe
2189 1907 2457 1972 serebat.

1683 2020 1777 2085 IX
1827 2018 1915 2107 [2]

705 2138 788 2203 10
824 2186 1229 2207 „„„„„„„
1275 2135 1542 2221 Lysippi
1584 2135 1875 2220 Iuppiter
1919 2136 2048 2201 isia
2125 2154 2132 2158 ·

833 2252 1139 2318 transibiiz
1185 2252 1615 2337 quadraginta
1661 2252 1886 2320 cubita
1924 2251 2075 2315 altu'
2122 2251 2420 2318 Tarento,

1702 2365 1763 2430 X
1811 2363 1900 2455 [1]

834 2485 972 2550 ibat
1015 2483 1182 2550 forte
1230 2482 1421 2568 aries,
1467 2483 1695 2569 inquit.
1785 2483 1917 2548 iam
1964 2481 2134 2568 quod
2181 2481 2395 2568 genu'l
2472 2484 2737 2568 quantis

832 2598 1121 2664 testibu'!
1187 2600 1295 2664 vix
1339 2621 1470 2663 uno
1515 2599 1627 2664 filo
1664 2598 1859 2664 hosce
1905 2599 2168 2663 haerere
2212 2602 2491 2682 putares,

834 2714 1130 2798 pellicula
1174 2718 1459 2781 extrema
1504 2718 1806 2799 exaptum
1851 2713 2128 2798 pendere
2175 2736 2338 2778 onus
2384 2714 2633 2801 ingens.

657 2891 824 2944 idem
846 2891 941 2942 lib.
966 2891 1112 2945 XVI.
1204 2891 1283 2943 IV
1329 2891 1467 2942 Non.
1488 2893 1605 2954 513,
1626 2893 1691 2943 13
1714 2889 2062 2955 ignaviter
2084 2906 2182 2955 pro
2204 2891 2419 2955 ignave.
2473 2891 2790 2943 Lucilius
2816 2900 2970 2957 saty-

660 2976 844 3011 rarum
866 2959 961 3010 lib.
985 2959 1133 3014 XVI.
1236 2959 1287 3010 V
1344 2958 1551 3009 Gellius
1575 2927 1707 3018 1’111,
1737 2961 1784 3021 1,
1808 2962 1840 3010 3
1878 2958 2182 3009 mundum
2218 2974 2433 3025 quoque
2470 2959 2796 3011 muliebrem
2834 2962 2968 3012 Lu·

604 3026 615 3037 ‘
659 3026 860 3078 cilius
894 3027 953 3077 in
988 3026 1277 3077 satirarum
1300 3026 1430 3076 XVI
1453 3041 1563 3077 non
1597 3025 1749 3077 virili
1785 3040 2001 3092 genere,
2041 3030 2103 3076 ut
2126 3027 2314 3088 ceteri,
2354 3027 2446 3076 sed
2481 3031 2683 3078 neutro
2719 3029 2965 3094 appella-

658 3098 743 3146 vit
766 3095 854 3146 his
878 3094 1075 3146 verbis.
1112 3120 1180 3130 —
1215 3095 1496 3156 Non.214,
1524 3095 1586 3144 16
1623 3093 1901 3145 mundus
1926 3093 2164 3145 mulieris
2188 3095 2408 3157 generis
2433 3093 2735 3150 masculini
2783 3098 2966 3148 neutri

659 3160 1089 3216 Luciliuslib.
1114 3161 1273 3212 XVII
1296 3161 1416 3226 leg.
1442 3176 1912 3226 —penumque.
2022 3161 2096 3213 v1
2134 3161 2287 3212 Sei-V.
2315 3161 2382 3211 ad
2406 3176 2524 3217 aen.
2549 3164 2594 3226 Ι,
2620 3165 2721 3214 ’103
2746 3180 2962 3228 penus

661 3259 723 3268 —
761 3231 1020 3282 feminino
1046 3228 1363 3280 Lucilius
1409 3229 1692 3291 (Lucius
1717 3227 1896 3293 cass.)
1934 3229 2118 3294 posuit
2155 3234 2217 3279 ut
2253 3226 2416 3295 (libro
2441 3229 2570 3281 XVI
2595 3231 2793 3283 tribuit
2827 3231 2878 3281 D
2880 3232 2958 3314 p).

796 3299 901 3352 VII
957 3300 1098 3351 Non.
1136 3299 1227 3360 98,
1268 3300 1330 3348 19
1365 3296 1666 3361 demag‘is
1700 3296 1859 3346 valde
1893 3297 2083 3360 magia.
2142 3296 2449 3347 Lucilius
2483 3296 2578 3348 lib.
2603 3297 2736 3349 XVI
2772 3300 2867 3361 (X.
2894 3301 2961 3348 vi

659 3366 706 3416 L
746 3368 816 3428 1).
909 3366 1045 3417 VIII
1080 3366 1219 3415 Non.
1242 3367 1358 3427 201,
1382 3366 1413 3414 2
1441 3380 1487 3417 s.
1514 3380 1565 3419 v.
1603 3378 1848 3428 cepe—
1780 3363 2180 3415 —Lucilius
2217 3364 2312 3415 lib.
2337 3364 2469 3415 V—
2486 3364 2658 3416 idem
2691 3365 2787 3417 lib.
2811 3366 2959 3418 XVI.

759 3433 838 3483 IX
884 3435 1169 3495 Non.201,
1194 3435 1258 3483 15
1294 3431 1570 3483 cubitus
1607 3431 1898 3482 masculini
1922 3431 2150 3497 generis.
2199 3432 2383 3483 neutri
2406 3432 2722 3484 Lucilius
2747 3439 2958 3499 satyra·

659 3517 778 3552 rum
801 3500 892 3551 lib.
914 3501 1060 3552 XVI.
1150 3500 1202 3550 X
1236 3499 1375 3555 Non.
1395 3501 1512 3563 234,
1530 3501 1594 3551 31
1616 3514 1658 3550 s.
1678 3516 1729 3555 v.
1753 3503 1978 3565 aptum
1998 3526 2060 3535 —
2078 3501 2125 3551 L
2141 3499 2392 3551 ucilius
2416 3506 2728 3565 satyrarum
2747 3500 2886 3552 libro
2906 3502 2959 3550 X

831 3677 867 3734 2
915 3680 1101 3750 lio-m.
1138 3679 1169 3735 1
1218 3681 1265 3736 L
1299 3680 1353 3736 1.
1484 3676 1521 3736 3
1567 3677 1737 3752 legat,
1783 3696 1887 3734 om.
1938 3677 2175 3753 quidam,
2226 3678 2362 3735 libri
2405 3678 2591 3735 Nonii.
2637 3709 2723 3719 —
2768 3678 2955 3735 mund.

663 3779 714 3818 0.
763 3778 852 3818 ux.
899 3779 997 3818 sue
1041 3764 1113 3819 R.
1287 3763 1344 3820 3.
1392 3762 1432 3819 4
1477 3778 1805 3836 penumque.
1898 3763 2047 3836 atqui
2094 3762 2222 3836 quid
2267 3763 2580 3833 Hertthus
2621 3771 2810 3838 atque
2863 3780 2958 3837 pe-

662 3862 900 3920 numque
932 3845 1059 3919 quid
1101 3846 1181 3916 P,
1244 3848 1353 3905 VR
1395 3856 1558 3922 atque
1587 3863 1789 3921 penum
1834 3864 1865 3920 q
1914 3845 2063 3945 quid.
2179 3845 2219 3902 4
2263 3850 2614 3920 interpolata
2644 3850 2778 3905 lect.
2808 3849 2959 3906 haec

663 3937 785 3987 est.-
831 3930 958 4004 quid
1002 3930 1280 3996 mundum,
1331 3931 1459 4005 quid
1490 3932 1638 3988 non?
1684 3948 1804 3987 nam
1852 3932 1973 4005 quis
2018 3930 2272 3988 diiudicet
2315 3929 2496 3988 istuc?
2542 3939 2596 3989 et
2638 3936 2724 3989 ita
2754 3932 2829 3990 D.

664 4016 700 4074 6
747 4014 856 4071 duo
904 4015 1102 4085 Salm.,
1148 4013 1288 4071 duos
1334 4018 1461 4073 cdd.
1636 4016 1670 4073 7
1733 4017 1879 4072 idem
1935 4016 2262 4088 novissime,
2320 4033 2474 4074 corr.
2524 4016 2827 4075 Reatinus,
2876 4049 2955 4058 —

592 4162 597 4169 ,
663 4099 839 4157 alebat
882 4100 930 4157 L
963 4100 1018 4156 1.
1064 4128 1149 4141 —-
1191 4099 1286 4156 sed
1333 4101 1548 4157 addidit
1592 4103 1681 4158 ed.
1713 4102 1853 4158 Luc.
1894 4101 2248 4172 Tuficensis,
2293 4119 2399 4159 om.
2430 4100 2580 4158 libri.
2711 4101 2751 4159 8
2796 4119 2960 4158 neces

659 4204 771 4258 pro
815 4201 917 4241 nec
960 4200 1080 4241 esse
1135 4184 1183 4241 L
1231 4185 1288 4241 1.
1505 4184 1542 4241 9
1597 4186 1777 4260 inquit
1825 4185 1889 4242 G.
2095 4184 2175 4243 10
2218 4183 2420 4259 Lisippi
2468 4184 2546 4257 G,
2591 4185 2639 4240 L
2684 4187 2742 4241 1.

669 4270 743 4326 11
795 4268 1043 4326 transibit
1088 4269 1170 4339 M,
1217 4268 1466 4326 transivit
1509 4285 1559 4331 v.
1723 4269 1801 4327 13
1840 4271 2014 4327 hosce
2059 4272 2145 4327 ed.
2190 4270 2402 4328 Lucilii
2448 4270 2809 4342 Τανίοεηείε,
2854 4271 2964 4327 hoc

665 4370 725 4411 se
770 4356 916 4427 cdd„
962 4358 1064 4430 qui
1104 4361 1159 4412 el
1198 4355 1410 4412 herere.
