3267 5075
975 421 1199 483 LIBER
1244 422 1412 484 XVII.
1451 420 1646 484 XVIII.
1687 420 1907 484 XVIIII.
2446 424 2577 491 241

296 589 633 671 Καλιτύχη,
676 590 1009 669 Καλίτυχος
1055 594 1159 664 al.;
1217 597 1396 653 dixere
1451 596 1519 652 de
1578 596 1662 652 his
1719 595 1988 652 Nauckius
2044 595 2176 669 phil.
2227 595 2314 668 ΙΧ,
2364 595 2482 654 175
2530 605 2585 652 et

265 680 499 737 ‚Keilius
547 680 687 739 anal.
734 681 1017 755 epigraph.
1067 679 1209 752 169,
1251 682 1417 738 inscr'.
1464 681 1652 737 Boeot.
1702 681 1795 737 17.
1855 719 1860 725 ·

464 765 522 820 2.
597 764 729 821 illud
775 780 980 836 nempe
1034 781 1137 839 pro
1181 773 1365 838 napta
1423 765 1563 822 dedi.
1657 767 1896 825 vocativo
1943 767 2085 822 enim
2129 766 2216 822 hic
2257 782 2368 822 non
2412 766 2584 840 magis

295 850 445 906 locus
492 866 652 924 quam
696 851 753 905 in
799 867 882 905 vv.
927 848 1090 923 Prop.
1139 849 1176 906 l.
1207 850 1226 905 1
1257 867 1305 906 c.
1339 849 1377 906 8
1425 850 1502 906 19
1531 858 1587 907 et
1619 850 1732 923 20,
1777 866 1916 923 quos
1960 867 2137 924 nuper
2163 849 2582 908 emendavimus,

296 964 372 975 ——
419 942 776 1012 nuptarum„
831 935 905 990 ita
934 933 1068 990 dixit
1112 932 1260 990 Sulla
1304 937 1357 990 in
1388 933 1496 990 xxl
1525 951 1707 990 rerum
1739 951 1988 991 suarum:
2035 937 2114 991 ad
2139 952 2412 992 summam
2443 952 2583 1006 per-

181 1076 190 1083 ,
295 1023 499 1076 niciem
562 1034 685 1075 rem
730 1020 1027 1090 publicam
1086 1026 1504 1091 perventurum
1559 1035 1702 1076 esse.
1801 1020 2048 1076 similiter
2100 1021 2263 1094 positi
2320 1020 2587 1092 participii

299 1103 465 1160 futuri
494 1102 738 1177 exempla
783 1120 847 1161 ex
877 1103 1072 1173 Plauti,
1104 1102 1161 1159 C.
1196 1102 1441 1175 Gracchi,
1485 1103 1690 1159 Claudii
1719 1103 2077 1179 Quadrigarii,
2114 1104 2305 1161 Valerii
2335 1105 2582 1164 Antiatis,

295 1187 592 1260 CiceroniS,
637 1187 845 1244 Laberii
889 1186 1040 1243 libris
1085 1189 1254 1262 petita
1298 1186 1350 1259 (a
1396 1186 1590 1262 quibus
1636 1188 1958 1262 plerumque
2003 1188 2154 1245 abest
2196 1187 2415 1244 verbum
2459 1186 2585 1244 sub-

296 1271 607 1345 stantivum)
652 1271 817 1328 habes
863 1289 953 1345 ap.
998 1270 1135 1328 Gell.
1170 1271 1212 1344 1,
1245 1272 1304 1343 7,
1342 1272 1563 1330 1—15.
1630 1272 1702 1328 ibi
1747 1274 1802 1329 in
1847 1272 1955 1329 flue
1999 1274 2130 1330 haec
2173 1271 2462 1347 leguntur:
2508 1276 2583 1329 si-

209 1358 216 1363 ’
296 1361 412 1415 cuti
462 1357 546 1414 M.
595 1357 795 1414 Cicero
845 1357 1113 1429 futurum
1170 1359 1321 1414 dixit
1374 1375 1487 1414 non
1544 1360 1700 1414 virili
1745 1373 1958 1431 yenere
2012 1374 2199 1431 neque
2253 1366 2461 1415 neutro
2502 1387 2585 1397 -—

298 1444 666 1499 soloecismus
708 1444 854 1498 enim
894 1444 1073 1512 plane
1111 1442 1273 1515 foret
1306 1470 1381 1481 —-
1415 1443 1520 1498 sed
1559 1443 1732 1500 verbo
1774 1459 1918 1500 usus
1961 1450 2046 1499 est
2090 1444 2162 1499 ab
2191 1446 2345 1498 omni
2384 1459 2583 1500 neces·

299 1531 464 1582 sitate
507 1542 783 1600 yenerum
829 1527 1111 1582 absoluto.
1158 1557 1239 1566 —
1313 1527 1518 1582 Vlixen
1564 1527 1719 1596 cdd.;
1765 1528 1861 1582 sed
1907 1530 2049 1582 enim
2095 1526 2245 1583 nullo
2290 1535 2449 1599 pacto
2494 1527 2586 1583 ad·

299 1695 633 1770 populariter
663 1694 903 1751 habitum
934 1712 1017 1767 ap.
1049 1694 1320 1750 Romanos
1364 1694 1430 1750 ad
1476 1695 1846 1768 graecanicam
1877 1712 2117 1751 normam
2149 1694 2451 1764 inflexisse3
2497 1714 2585 1769 ap.

298 1779 427 1836 Non.
476 1780 604 1838 505
647 1782 703 1836 in
749 1778 923 1835 verbis
969 1780 1110 1836 Accii
1156 1787 1304 1837 recte
1333 1778 1744 1854 Bambergensis
1788 1778 1923 1836 liber
1969 1780 2213 1850 Vlixem,
2261 1779 2348 1835 ubi
2389 1779 2586 1854 reliqui

315 1866 533 1922 Vlixen.

460 1951 523 2008 3.
595 1952 741 2006 endo
764 1949 876 2022 fur
904 1951 1217 2011 dominum‚·
1260 1950 1316 2003 in
1346 1948 1593 2023 exemplo
1624 1949 1868 2020 Iuniano,
1913 1949 2061 2023 quod
2093 1950 2221 2005 olim
2253 1948 2355 2005 suit
2384 1949 2586 2005 Claudii

298 2031 537 2108 Puteani,
583 2051 729 2090 nunc
770 2041 949 2089 autem
995 2034 1049 2088 in
1094 2032 1417 2090 bibliotheca
1462 2041 1605 2090 extat
1637 2034 1894 2106 Parisina,
1940 2042 2154 2107 praeter
2184 2033 2442 2107 quaedam
2486 2033 2586 2090 alia

300 2118 494 2175 nullius
540 2119 705 2192 pretii
748 2118 1009 2192 leguntur
1050 2117 1314 2191 adscripta
1360 2117 1424 2172 ad
1463 2119 1514 2174 b.
1549 2118 1583 2173 1.
1631 2120 1763 2174 haec
1806 2121 1950 2175 endo
1991 2122 2134 2191 fiuto
2182 2120 2363 2189 (immo
2403 2117 2585 2191 ferto)

299 2221 522 2260 manum
568 2203 743 2259 addita
789 2213 916 2258 nota
961 2202 1042 2273 M,
1101 2217 1205 2275 qua
1254 2203 1674 2276 manuscriptum
1718 2202 1913 2260 librum
1959 2201 2284 2277 significari,
2338 2203 2393 2259 id
2438 2203 2585 2277 quod

300 2289 467 2344 visum
514 2287 866 2358 Franckenio,
913 2286 981 2342 ob
1025 2288 1198 2360 ipsam
1241 2285 1389 2342 illam
1434 2287 1723 2343 lectionem
1768 2305 1958 2361 parum
2002 2296 2087 2343 est
2116 2287 2414 2361 probabile.
2487 2306 2587 2344 ca·

294 2376 413 2443 pito
441 2404 524 2413 -
549 2372 730 2445 ferte,
776 2379 838 2427 ut
887 2389 972 2445 ap.
1020 2370 1183 2444 Prop.
1234 2371 1294 2441 V,
1326 2370 1381 2441 5,
1417 2370 1518 2443 75,
1551 2372 1587 2428 6
1636 2375 1860 2429 caedito
1889 2404 1973 2413 -
2003 2374 2226 2435 addite,·
2268 2372 2445 2446 Priap.
2479 2371 2584 2445 48,

307 2460 358 2524 1“;
390 2457 428 2514 3
483 2460 638 2530 quod
689 2459 888 2515 videtis
918 2486 995 2496 —
1029 2457 1166 2511 mihi
1219 2458 1423 2521 crede3
1481 2455 1627 2512 Grat.
1678 2458 1779 2528 55,
1812 2458 1890 2513 56
1949 2460 2036 2514 vet
2086 2459 2355 2529 oppande
2387 2459 2586 2514 —--vet

302 2548 576 2616 reponite.
623 2573 708 2584 —-
753 2552 1013 2616 quantum
1057 2540 1124 2596 ad
1168 2558 1303 2613 rem,
1348 2543 1494 2598 cons.
1540 2542 1650 2616 leg.
1681 2542 1845 2598 duod.
1895 2541 2193 2599 tabularum
2230 2543 2249 2598 1
2299 2543 2404 2616 l‘rg.
2455 2544 2511 2599 1.
2546 2542 2583 2598 2

302 2645 386 2701 ap.
430 2627 786 2684 Schoellium:
834 2630 886 2683 si
926 2631 983 2683 in
1027 2629 1121 2683 ius
1165 2634 1353 2698 vocat,
1397 2629 1494 2683 ito.
1583 2631 1647 2682 ni
1688 2631 1751 2699 it,
1796 2632 2189 2684 antestamino.
2276 2629 2453 2702 iyitur
2498 2643 2586 2683 em

304 2716 511 2784 capito.
556 2744 638 2753 —
683 2715 735 2768 si
777 2714 1026 2769 calvitur
1064 2712 1335 2783 pedemve
1379 2714 1568 2782 struit,
1618 2730 1850 2768 manum
1894 2714 2039 2769 endo
2082 2715 2276 2769 iacito.

467 2797 525 2853 4.
597 2802 665 2868 is,
713 2796 949 2853 sortasse
972 2795 1031 2851 P.
1062 2795 1263 2869 Scipio.
1315 2824 1390 2835 -
1435 2800 1489 2852 si
1524 2796 1710 2854 vendi'
1753 2798 2082 2869 Lavernae,
2115 2798 2169 2852 h.
2199 2812 2247 2852 e.
2281 2798 2328 2851 si
2372 2797 2586 2854 venales

303 2884 581 2955 proponiS,
623 2883 670 2937 si
716 2890 1002 2955 quaestum
1046 2881 1329 2954 aucuparis
1373 2880 1717 2937 carminibuS.

470 2968 525 3026 5.
597 2973 906 3023 contemnit
919 2990 937 3030 ,·
982 2964 1052 3021 cs.
1087 2964 1136 3019 d.
1171 2982 1212 3020 r.
1249 2982 1318 3024 m.
1350 2964 1497 3023 327.
1541 2996 1626 3005 —
1672 2966 1872 3040 duplex
1917 2967 2165 3041 negativa
2210 2984 2310 3040 pro
2356 2967 2586 3040 simplici

307 3060 365 3107 ut
396 3049 590 3108 Ennius
619 3051 923 3107 Erechtheo
966 3051 1197 3122 lapideo
1242 3057 1375 3106 sunt
1419 3052 1594 3108 corde
1638 3054 1822 3122 matti,
1867 3066 2010 3124 quos
2052 3069 2167 3109 non
2211 3055 2443 3109 miseret
2487 3068 2585 3108 ne-

306 3140 493 3200 minis;
537 3136 703 3193 Varro
749 3135 989 3191 Bimarco
1044 3151 1130 3208 ap.
1176 3134 1315 3190 Non.
1363 3134 1486 3191 530
1540 3128 1777 3209 τρόπων
1820 3130 2075 3213 τρόπους
2119 3140 2218 3210 qui
2238 3130 2375 3194 'non
2419 3139 2582 3194 modo

307 3224 596 3294 iynorasse
626 3236 714 3277 me
759 3224 973 3277 clamat
1017 3220 1123 3276 sed
1163 3223 1385 3276 omnino
1431 3224 1628 3288 omnis¹
1655 3222 1867 3278 heroas
1912 3227 2084 3296 neyat
2114 3225 2367 3278 nescisse
2381 3245 2400 3283 ,·
2441 3220 2584 3277 idem

288 3306 372 3362 *de
400 3323 447 3362 v.
478 3325 533 3382 p.
565 3305 625 3362 R.
659 3304 754 3361 lib.
787 3305 827 3360 ll
855 3304 929 3361 ib.
961 3303 1081 3361 532
1118 3322 1235 3377 qua
1280 3305 1626 3361 abstinentia
1673 3309 1783 3362 viri
1822 3308 2202 3380 mulieresque
2244 3306 2465 3362 Romae
2509 3303 2580 3376 (v.

311 3390 617 3463 Romanae)
640 3390 892 3463 fuerint,
915 3389 1069 3463 quod
1095 3407 1131 3444 a
1162 3405 1300 3462 reye
1328 3406 1569 3445 munera
1599 3405 1797 3446 eorum
1826 3393 2074 3447 notuerit
2103 3405 2266 3447 nemo
2293 3391 2585 3461 accipere.

467 3492 642 3565 xv111,
677 3491 735 3548 2.
810 3507 994 3565 aeque
1031 3491 1337 3564 fruniscor
1382 3507 1484 3564 eqo
1515 3510 1588 3548 ac
1636 3501 1723 3556 tu,
1771 3494 1844 3548 ita
1889 3493 2076 3566 vulgo,
2120 3494 2250 3547 satis
2281 3491 2582 3549 commode.

311 3593 366 3632 ac
406 3587 577 3633 tamen
624 3587 853 3651 propter
896 3575 1252 3632 venerabilem
1296 3575 1569 3632 Leidensis
1613 3578 1816 3650 prioris
1846 3579 2220 3634 auctoritatem
2266 3576 2584 3651 plerumque

311 3660 536 3719 adducor
567 3670 627 3718 ut
663 3660 1007 3718 scribendum
1039 3661 1365 3716 existimem:
1411 3677 1596 3734 aeque
1619 3662 1927 3734 fruniscor
1954 3677 2054 3718 res
2083 3678 2156 3717 ac
2188 3668 2250 3718 tu
2285 3697 2584 3719 vvvvvv

307 3744 600 3818 fruniscor
642 3746 906 3821 producta
951 3746 1152 3819 prima3
1200 3744 1269 3802 cl'.
1314 3744 1515 3801 Ritsch.
1561 3746 1701 3820 disp.
1749 3746 1817 3802 de
1846 3762 1993 3802 mon.
2027 3747 2200 3821 epigr.
2244 3745 2310 3801 111
2349 3764 2445 3820 pg.
2482 3746 2580 3802 17.

310 3859 384 3870 --
413 3832 625 3889 laudem
656 3830 983 3905 frugalitatis
1011 3829 1239 3885 similem
1273 3829 1349 3885 illi
1381 3847 1539 3903 quam
1568 3834 1860 3904 proposuit
1890 3830 2022 3888 Hor.
2054 3839 2157 3887 sat.
2189 3831 2230 3904 1,
2265 3832 2323 3903 1,
2352 3831 2435 3888 45
2460 3848 2583 3904 sqq.

209 3975 230 3987 Ι
312 3918 565 3973 contineri
614 3916 697 3972 his
745 3916 920 3972 verbis
965 3912 1318 3988 probabiliter
1360 3916 1549 3971 statuit
1592 3913 1957 3971 Franckenius
1999 3915 2066 3988 ll,
2110 3915 2212 3971 41.

464 4000 673 4073 XVllll,
723 4002 777 4056 1.
866 3999 933 4056 ad
986 4000 1297 4056 immensam
1355 4000 1613 4073 pecuniae
1664 3999 2044 4073 cupiditatem,
2100 4017 2207 4073 qua
2259 4016 2419 4055 senes
2474 4015 2583 4054 non

313 4086 476 4142 minus
518 4102 582 4141 ac
621 4087 842 4141 iuvenes
887 4091 1195 4155 teneantur,
1242 4085 1372 4139 haec
1415 4093 1661 4157 spectare
1707 4085 1846 4140 haud
1879 4083 2306 4158 improbabiliter
2349 4084 2585 4139 coniecit

315 4166 665 4228 Franckenius
709 4170 772 4243 11,
818 4168 920 4240 41,
966 4169 1060 4243 qui
1104 4167 1282 4225 adfert
1328 4168 1454 4225 Hor.
1501 4177 1603 4224 sat.
1633 4168 1679 4241 1,
1712 4169 1771 4240 1,
1803 4169 1882 4225 62
1913 4186 2037 4244 sqq.

469 4254 528 4310 2.
584 4272 683 4329 pro
715 4254 1071 4310 immoderato
1116 4254 1377 4326 pecuniae
1409 4253 1673 4325 parandae
1716 4253 1900 4309 studio
1930 4253 2165 4309 sobriam
2210 4269 2390 4307 rerum
2437 4252 2583 4308 sutu-

313 4353 480 4396 rarum
523 4356 703 4396 curam
745 4337 1085 4396 commendat
1125 4336 1378 4402 LuciliuS.
1468 4341 1570 4409 sie,
1619 4348 1681 4393 ut
1722 4338 1974 4409 formica3
2019 4337 2090 4393 cf.
2130 4337 2259 4396 Hor.
2293 4345 2397 4395 sat.
2432 4338 2486 4410 1,
2525 4338 2584 4410 1,

316 4423 567 4482 28-35,
1479 4413 1488 4420 ”

417 4521 462 4568 C.
485 4521 631 4570 Lucili
658 4500 799 4568 satur.
828 4520 911 4571 tel,
2102 4525 2167 4591 13
