3267 5075
1325 393 1542 448 LIBER
1578 393 1852 448 XXVIIII.
2263 419 2274 422 ·
2607 389 2730 453 107

1386 555 1540 621 XIX
1588 558 1729 637 [10]
1760 580 1799 619 a

627 674 869 738 amicos
914 672 1105 737 hodie
1152 695 1298 737 cum
1343 673 1616 756 inprobo
1663 672 1775 736 illo
1822 670 2180 736 audivimus
2223 657 2232 660 -

623 787 871 853 Lucilio
918 789 1264 853 advocasse
1308 837 1594 856 .....

1227 902 1346 967 XX
1393 901 1720 986 [XXVIII,
1767 903 1881 982 41]
1912 903 1954 965 b

470 1020 575 1084 30
626 1018 933 1085 Chremes
980 1019 1049 1083 in
1094 1019 1404 1103 medium,
1450 1019 1521 1082 in
1567 1040 1891 1082 summum
1937 1015 2114 1081 eirad
2160 1015 2611 1080 Demaenetus

1384 1141 1541 1207 XXI
1586 1141 1727 1224 [59]
1757 1165 1791 1207 c

623 1263 860 1345 urguet
903 1259 1168 1345 gravido
1216 1258 1468 1341 saepius
1515 1258 1704 1341 culpa
1748 1260 1879 1322 tua.

609 1374 614 1380 ’
1370 1381 1557 1446 ΧΧΠ
1604 1383 1744 1463 [70]
1776 1382 1819 1445 d

627 1548 910 1568 υυυυυ
955 1498 1123 1581 ‘quis
1168 1501 1242 1562 tu
1285 1498 1481 1562 homo
1528 1496 1667 1561 es‘?'
1718 1535 1801 1543 —
1849 1497 2063 1560 ‘nemo
2110 1519 2253 1561 sum
2297 1496 2538 1560 homo’.

1354 1620 1576 1686 XXIII
1623 1622 1763 1704 [46]
1795 1645 1829 1685 e

627 1759 820 1801 nemo
864 1737 985 1801 hos
1033 1737 1343 1821 ancipites
1388 1738 1558 1802 ferro
1605 1737 1906 1822 effringat
1950 1736 2258 1801 cardines

1364 1860 1583 1927 XXIV
1631 1863 1771 1944 [47]
1801 1862 1835 1925 f

631 1978 808 2040 vecte
855 1978 1046 2060 abque
1094 1977 1356 2061 ancipiti
1402 1976 1571 2041 ferro
1617 1977 1957 2062 effringam
2003 1976 2312 2041 cardines,
2411 2003 2418 2007 ·

1169 2100 1356 2166 XXV
1402 2100 1729 2185 [XXVIIL
1775 2102 1886 2182 30]
1917 2123 1962 2186 g
1978 2100 2015 2136 '¹²

478 2216 585 2282 35
633 2215 803 2280 malo
849 2215 1062 2280 hercle
1107 2219 1328 2281 vostro
1374 2215 1770 2281 confectores
1817 2216 2180 2304 cardinum!

1153 2339 1370 2406 XXVI
1416 2339 1742 2425 [XXV111,
1786 2338 2026 2422 24111*
2233 2313 2239 2318 ’

633 2455 804 2542 agite
851 2456 1049 2542 agite,
1095 2456 1260 2520 furei
1304 2456 1636 2522 mendacei
1681 2456 2102 2544 argutamini!

554 2724 693 2773 XIX
749 2723 888 2774 Non.
930 2726 1011 2786 74,
1039 2727 1101 2776 10
1135 2724 1504 2775 advocasse
1538 2739 1636 2788 pro
1671 2739 1897 2775 vocasse
1944 2721 2384 2788 (provocasse
2420 2721 2485 2785 G,
2509 2724 2555 2772 L
2587 2722 2652 2782 1).

431 2793 558 2843 XX
619 2792 757 2842 Non.
782 2795 898 2853 331,
922 2795 955 2842 4
989 2795 1088 2842 ire
1125 2789 1460 2845 accumbere.
1517 2787 1831 2841 Lucilius
1868 2792 1963 2842 lib.
1988 2790 2255 2841 XXVIIII
2292 2791 2556 2855 (XXVIII
2591 2789 2743 2851 Gen„

433 2865 510 2923 Β,
556 2862 604 2910 L
645 2860 715 2920 1).
819 2859 951 2910 XXI
1009 2860 1148 2910 Non.
1183 2862 1300 2922 418,
1326 2864 1358 2911 3
1392 2873 1675 2922 urguere
1709 2863 1792 2909 est
1829 2874 2089 2924 premere,
2125 2873 2337 2922 cogere.
2410 2859 2573 2922 Verg.
2596 2885 2663 2893 —
2688 2862 2745 2908 et

430 2956 511 2965 ——-
554 2927 866 2977 Lucilius
901 2928 992 2977 lib.
1032 2927 1299 2978 XXVIIII
1336 2925 1417 2991 (in
1440 2926 1485 2975 B
1523 2927 1631 2976 fuit
1667 2928 1818 2992 prius
1849 2926 2159 2990 XXXIIII).
2264 2926 2426 2975 XXII
2483 2926 2650 2977 Char.
2681 2928 2745 2976 75

436 2997 677 3060 antiqui
710 3022 778 3030 -
812 3010 989 3045 nemo
1026 2995 1280 3056 dicentes,
1318 2995 1475 3061 quasi
1498 2995 1677 3044 minus
1704 2993 2036 3058 significaret
2073 3009 2140 3043 ne
2162 2993 2336 3054 h0m0‚
2377 3001 2433 3045 et
2457 2994 2615 3044 homo
2654 2994 2746 3044 ad-

433 3064 657 3114 debant
681 3067 743 3112 ut
766 3063 890 3116 Ter.
919 3090 984 3099 —
1010 3067 1065 3113 et
1088 3063 1396 3114 Lucilius
1432 3062 1615 3111 XXIX
1642 3059 1822 3127 (XIX
1848 3063 1987 3112 coni.
2013 3061 2271 3123 Lindem„
2297 3065 2530 3112 ceterum
2565 3077 2743 3111 nemo

435 3137 557 3182 est
587 3130 710 3179 add.
735 3129 840 3193 cd.)
867 3130 989 3180 ideo
1015 3131 1167 3180 dixit.
1266 3130 1456 3180 XXIII
1492 3130 1628 3180 Non.
1656 3132 1773 3192 245,
1803 3132 1865 3180 10
1900 3144 2144 3193 anceps
2166 3130 2380 3194 duplex.
2434 3128 2747 3179 Lucilius

436 3198 550 3252 lib.
588 3196 874 3248 XXVIIII.
999 3197 1181 3249 XXIV
1238 3198 1378 3249 Non.
1413 3200 1530 3258 245,
1574 3200 1632 3247 17
1670 3212 1915 3262 anceps
1950 3202 2170 3248 acutum
2207 3214 2273 3248 ex
2309 3201 2542 3261 utraque
2577 3203 2745 3261 parte.

439 3264 766 3315 Lucilius
800 3266 895 3320 lib.
931 3266 1212 3316 XXVIIII.
1418 3264 1572 3313 XXV
1629 3264 1768 3315 Non.
1809 3267 1925 3325 268,
1962 3267 2025 3315 31
2080 3264 2426 3315 conficere
2472 3264 2743 3327 frangere.

440 3332 763 3383 Lucilius
807 3333 900 3386 lib.
952 3333 1221 3383 XXVIIII
1273 3332 1626 3397 (XXVIIII
1662 3333 1743 3394 M,
1781 3332 2064 3382 XXVIII
2100 3332 2193 3395 w).
2365 3331 2547 3380 XXVI
2605 3331 2774 3381 Non:

442 3404 574 3463 239,
614 3404 676 3451 14
727 3406 1033 3464 argutum
1077 3401 1254 3451 audax
1299 3400 1648 3450 malitiosum.
1720 3400 2035 3450 Lucilius
2081 3400 2176 3449 lib.
2223 3399 2494 3451 XXV1111
2533 3398 2637 3463 (ita
2671 3400 2744 3461 M,

628 3667 707 3726 28
753 3670 897 3726 illud
941 3668 1101 3724 hodie
1146 3671 1275 3725 add.
1324 3670 1372 3724 L
1420 3669 1473 3739 1,
1509 3668 1597 3738 G,·
1632 3670 1758 3725 edd.
1806 3669 1958 3738 Iun„
2007 3668 2258 3738 Donsae,
2306 3667 2593 3732 Merceri‚·
2638 3686 2742 3724 om.

454 3770 774 3825 operarum
818 3769 1024 3810 errore
1068 3755 1430 3810 BasiliensiS.
1477 3783 1559 3792 ·—-
1604 3752 1851 3827 Improbo
1899 3753 1963 3808 G.
2166 3751 2248 3809 30
2292 3753 2507 3808 Cremes
2554 3753 2618 3809 G.
2674 3783 2740 3792 —-

455 3837 604 3892 eIrad
647 3837 744 3909 M,
789 3839 867 3893 ire
912 3837 976 3893 ad
1024 3841 1112 3895 vel
1157 3838 1306 3893 iread
1352 3839 1474 3895 cdd.
1522 3837 1603 3908 (in
1650 3838 1706 3891 B
1749 3837 1782 3892 d
1828 3853 2011 3908 supra
2057 3836 2233 3907 add.).
2290 3867 2373 3876 —-
2430 3838 2609 3893 eidem
2654 3838 2748 3892 De-

456 3929 728 3983 menetuS.
862 3922 939 3980 31
988 3929 1150 3996 urget
1180 3923 1243 3993 G,
1278 3924 1353 3994 B,
1384 3942 1454 3978 m.
1487 3922 1523 3977 2
1555 3923 1602 3978 L
1637 3923 1665 3975 1
1704 3929 1756 3977 et
1789 3922 1928 3977 Gen.
1978 3921 2079 3992 (ita
2111 3930 2164 3978 et
2195 3926 2252 3977 in
2281 3920 2509 3993 lemm.).
2547 3952 2621 3960 —
2658 3930 2748 3977 tua

458 4013 552 4061 tua
598 4007 661 4064 G.
796 4006 877 4064 32
922 4023 1074 4081 quae
1118 4014 1401 4064 secuntur
1440 4010 1504 4063 in
1549 4008 1638 4062 cd.
1674 4006 1847 4061 Char.
1891 4008 2121 4062 lacunis
2150 4008 2389 4078 deprav.
2424 4013 2478 4061 et
2506 4010 2587 4061 ita
2611 4005 2749 4077 fere

455 4094 652 4163 suppl.
696 4100 860 4165 atque
901 4093 1031 4148 item
1076 4091 1142 4147 de
1173 4092 1255 4148 dis
1287 4091 1483 4148 (ficitur
1512 4092 1652 4146 nihil
1683 4093 1761 4146 ad
1788 4091 1929 4147 Luc.
1970 4097 2119 4163 pert.
2250 4088 2329 4147 33
2375 4091 2605 4163 ancipite
2642 4090 2748 4161 Dp,

458 4229 679 4302 ancipiti
726 4229 919 4285 Banu.
965 4230 1044 4284 αα
1085 4228 1232 4285 Hor.
1283 4244 1335 4283 c.
1381 4227 1499 4297 III,
1549 4225 1651 4296 26,
1700 4227 1755 4282 7.
1895 4225 1974 4284 35
2023 4198 2161 4293 ιῗὲιε,
2209 4227 2244 4281 h
2288 4230 2347 4282 in
2394 4242 2515 4281 ras.
2549 4226 2620 4281 B.
2667 4256 2749 4264 —

462 4324 644 4372 vestro
677 4315 804 4370 cdd.
823 4329 963 4369 cum
993 4313 1063 4368 D.
1184 4311 1262 4370 36
1309 4311 1449 4366 furei
1483 4312 1560 4381 M,
1597 4312 1745 4366 sures
1780 4311 1847 4381 G,
1877 4313 1925 4367 L
1962 4312 2014 4380 1,
2045 4310 2172 4383 furi,
2206 4327 2361 4366 corr.
2403 4314 2461 4366 in
2493 4309 2643 4365 fures
2675 4311 2746 4365 B.

460 4431 547 4443 --
591 4398 861 4456 mendacei
906 4402 1119 4472 scripsi
1162 4400 1566 4455 concinnitatis
1612 4411 1769 4471 erqo,
1815 4395 2056 4452 mendaci
2102 4396 2171 4470 G,
2215 4397 2286 4467 B,
2336 4394 2567 4451 mendati
2613 4395 2660 4454 L
2696 4396 2746 4451 1.
