3267 5075
1199 405 1418 461 LIBER
1454 405 1598 460 xm.
1636 404 1807 459 x1111.
2511 402 2643 470 235

337 570 656 643 phase-otia
703 565 796 644 (ita
842 572 1029 642 scrib..
1075 573 1197 629 cdd.
1240 589 1361 630 cum
1408 572 1444 626 L
1485 572 1600 628 116
1643 573 1964 645 phas-colla,
2014 589 2064 626 v.
2093 570 2399 642 phascola)
2440 576 2641 646 appel-

338 662 474 714 lant
522 658 761 726 Graeci,
806 674 955 730 quas
999 661 1201 732 vulqus
1240 673 1423 730 peras
1451 664 1637 714 vocal.
1686 687 1771 697 —
1811 664 2053 712 ceterum
2085 658 2275 712 mirum
2308 657 2439 713 illud
2481 660 2641 714 alula
2703 686 2709 692 ·

342 758 479 799 men
525 743 639 797 sive
684 744 972 799 altctamen
1016 733 1090 798 ita
1137 751 1314 800 ortum
1362 759 1481 798 esse
1526 743 1797 814 suspicor,
1842 748 1904 795 ut
1942 742 2239 813 antiquitus
2274 742 2435 797 fucrit
2482 743 2644 797 tradi·

343 838 468 884 tum
515 818 614 899 pe'r
657 842 897 882 errorem
942 830 1121 884 aluta.
1198 826 1278 882 M.
1323 826 1493 884 Cato.-
1537 844 1657 881 nam
1703 826 2026 898 aliquotiens
2070 827 2125 880 iu
2169 826 2355 881 codice
2398 826 2645 882 Leidensi

340 913 557 986 legitur
599 927 727 967 men
775 914 969 968 tullius
1012 928 1113 985 pro
1157 929 1224 968 eo
1255 912 1401 985 quod
1433 920 1519 969 est
1549 912 1626 967 M.
1670 911 1731 969 T.
1762 908 1897 965 male
1927 909 2204 965 intellecto
2235 909 2553 984 conpendio·
2572 905 2645 965 τῖε.

529 996 624 1051 11.
698 998 885 1067 modo,
929 997 998 1052 cf.
1045 999 1099 1053 d.
1146 1014 1192 1052 r.
1239 1010 1309 1053 m.
1358 995 1502 1069 334,
1533 996 1588 1053 5.
1634 1026 1719 1036 -—-
1763 998 2072 1067 inqenuos:
2114 1003 2335 1067 apparet
2381 1012 2481 1068 pro
2525 1011 2646 1051 cor·

340 1090 512 1153 rupta
558 1080 806 1136 codicum
851 1082 1115 1155 scriptura
1161 1080 1412 1137 debuisse
1442 1079 1702 1136 substitui
1735 1078 2050 1134 vocabulum
2097 1095 2206 1151 quo
2247 1078 2647 1154 significaretur

342 1164 636 1224 laudabilis
681 1165 858 1238 aliqua
906 1168 1065 1221 unius
1109 1166 1252 1222 illius
1298 1167 1544 1239 quisquis
1593 1165 1694 1220 suit
1738 1163 1986 1236 qualitas,

525 1249 680 1320 ΧΙΙΙΙ,
730 1250 784 1305 1.
862 1252 940 1306 ad
981 1266 1170 1324 reqem
1212 1248 1586 1323 lequ1u32ad
1636 1265 1801 1303 unum
1855 1265 1918 1303 ex
1977 1247 2182 1337 regulis
2233 1248 2337 1304 illis
2381 1248 2641 1322 Syrorum

344 1339 443 1409 qui
492 1334 756 1390 defuncto
813 1337 1082 1391 Antiocho
1137 1334 1413 1409 Epiphane
1465 1350 1565 1407 per
1622 1334 1823 1388 multos
1879 1349 2047 1387 annos
2106 1331 2392 1387 turbarunt
2446 1341 2644 1389 statum

343 1422 560 1495 Syriae.
616 1449 698 1461 —-
751 1421 1144 1483 Ecbatanam3
1188 1418 1373 1477 eadem
1421 1419 1591 1474 forma
1631 1419 1904 1491 reperitur
1956 1419 2012 1472 in
2054 1417 2269 1491 vulgata
2316 1417 2543 1474 Maccab.
2584 1418 2646 1490 ll,

345 1507 409 1578 9,
444 1506 483 1561 3
535 1521 666 1560 cum
713 1508 955 1561 venisset
1000 1509 1162 1561 circa
1209 1505 1590 1561 Ecbatanam.

528 1588 586 1644 2.
662 1591 942 1661 apreica,·
996 1598 1089 1645 aut
1130 1591 1204 1645 ita
1248 1588 1592 1644 scribendum
1639 1597 1732 1644 aut
1778 1586 2037 1660 quaedam
2084 1587 2270 1642 lacuna
2315 1588 2505 1644 hausta
2550 1605 2647 1661 pu·

348 1674 579 1731 tandum
626 1673 1002 1731 demonstrant
1045 1673 1433 1747 Porphyrionis
1477 1672 1657 1729 verba.

526 1759 583 1815 3.
647 1758 1024 1827 Carpathium
1055 1774 1217 1814 mare
1248 1762 1615 1815 transvectus
1647 1757 1881 1813 cenabis
1914 1756 2102 1812 Rhodi
2111 1777 2130 1813 .-
2178 1757 2308 1812 haec
2336 1755 2494 1812 verba
2525 1773 2647 1813 cum

346 1847 634 1918 integrum
679 1841 898 1899 efficere
941 1844 1223 1899 videantur
1268 1845 1593 1913 trimetrum,
1640 1840 1934 1897 cavendum
1980 1857 2046 1896 ne
2090 1842 2270 1913 specie
2301 1839 2646 1914 decipiamur.

348 1947 478 1984 nam
522 1936 588 1983 ut
633 1926 889 1983 abhorret
933 1927 996 1983 ab
1053 1929 1199 1984 omni
1242 1926 1618 2000 probabilitate
1672 1927 1979 1981 innotuisse
2032 1923 2373 1999 Pliilargyrio
2428 1925 2647 1982 iambica

347 2023 407 2069 et
454 2013 735 2069 trochaica
766 2011 972 2083 Lucilii,
1020 2013 1092 2067 ita
1135 2021 1320 2086 aperte
1367 2013 1472 2068 hoc
1514 2012 1880 2085 fragmentum
1924 2010 2181 2066 cohaeret
2223 2026 2347 2066 cum
2377 2010 2471 2066 illo
2505 2011 2645 2067 Car·

346 2100 618 2169 pathium
663 2098 903 2154 Rhodus
943 2101 1001 2152 in
1054 2100 1301 2169 pelayus
1355 2112 1416 2152 se
1459 2099 1705 2152 inclinat
1759 2096 2035 2165 apreica;
2088 2106 2144 2150 et
2196 2102 2490 2168 utrumque
2546 2097 2648 2152 nisi

348 2183 710 2238 vehementer
755 2181 913 2238 fallor
954 2181 1291 2254 iungendum
1336 2198 1457 2237 cum
1501 2180 1657 2251 xnn,
1707 2178 1774 2235 1.’

526 2266 587 2322 4.
665 2266 856 2322 suadet
909 2266 1143 2322 Lucilius
1199 2267 1370 2322 amico
1424 2273 1485 2321 ut
1538 2273 1783 2320 remotus
1839 2280 1865 2318 a
1910 2281 1970 2318 re
2029 2262 2235 2336 publica
2291 2266 2405 2320 otio
2456 2282 2516 2321 se
2560 2263 2651 2320 de·

259 2348 275 2353 ”
352 2352 465 2408 dat.
544 2353 639 2424 qui
684 2350 729 2406 si
775 2350 916 2407 idem
960 2358 1045 2407 est
1088 2367 1249 2424 quem
1294 2349 1593 2425 alloquitur
1634 2357 1797 2423 pocta
1842 2347 2000 2421 srgm.
2039 2348 2074 2405 7
2121 2347 2394 2405 difficilior
2436 2349 2650 2405 videtur

352 2437 529 2493 fuisse
576 2436 642 2490 ad
691 2434 996 2508 voluptates
1043 2435 1123 2491 vel
1168 2436 1430 2491 innoxias.

528 2519 589 2582 5.
668 2520 735 2576 de
778 2521 1081 2577 accusativo
1126 2538 1246 2577 cnm
1277 2517 1542 2576 infinitivo
1573 2519 1664 2593 qui
1711 2516 2042 2592 indignantis
2072 2519 2319 2592 exprimit
2352 2519 2650 2576 orationem

351 2605 587 2663 videnda
646 2621 782 2679 quae
838 2604 970 2661 dixit
1013 2605 1382 2661 Lachmannus
1440 2606 1491 2659 in
1538 2621 1732 2660 comm.
1786 2603 1946 2674 Lucr.
2000 2603 2077 2658 74
2137 2599 2382 2676 quaeque
2439 2621 2541 2659 nos
2597 2605 2651 2660 iu

350 2691 495 2747 libro
543 2699 737 2746 nostro
768 2689 912 2746 438.
956 2720 1040 2730 —-
1076 2682 1117 2764 ἢ
1144 2694 1330 2745 πᾶσιν
1361 2681 1629 2745 νεκύεσσι
1660 2707 1708 2747 c.
1742 2706 1796 2760 q.
1829 2706 1906 2756 S.;
1955 2687 2046 2745 od.
2081 2688 2166 2760 xl,
2200 2687 2342 2745 491.
2410 2697 2650 2745 ceterum

350 2785 551 2832 notum
597 2774 733 2831 illud
780 2774 997 2831 Catonis
1041 2774 1109 2831 de
1153 2774 1404 2848 Scipione
1448 2776 1658 2830 minore

618 2892 739 2973 οἶος
782 2895 1103 2968 πέπνυται;
1149 2896 1236 2959 τοὶ
1279 2893 1345 2959 δὲ
1388 2896 1546 2958 σκιαὶ
1584 2892 1915 2957 ἆΐσσουσιν.

357 3048 434 3083 2-
486 3059 562 3098 ac
607 3059 707 3115 pro
752 3060 819 3105 a,
879 3048 940 3096 ut
992 3043 1047 3097 in
1103 3041 1278 3097 verbis
1335 3039 1589 3095 Varronis
1636 3039 1779 3112 264,
1812 3041 1890 3096 21
1949 3058 2023 3096 ac
2080 3042 2275 3098 morbo
2329 3044 2653 3099 stimulatus

353 3130 574 3185 eodem.
1084 3167 1100 3183 .

535 3212 593 3267 7.
669 3211 825 3266 verba
870 3210 1056 3268 Lucilii
1102 3211 1164 3265 ad
1209 3210 1483 3266 hominem
1515 3226 1813 3267 morosum.
1872 3227 2066 3267 sensus
2099 3211 2251 3285 talis:
2301 3211 2399 3266 hae
2429 3209 2652 3266 deliciae

354 3314 468 3353 non
501 3295 746 3352 deterius
776 3303 904 3352 sunt
931 3294 1368 3370 interpretandae
1400 3312 1560 3368 quam
1590 3296 1904 3352 naumachia
1935 3296 2016 3351 vel
2052 3304 2374 3351 tesserarum
2405 3296 2517 3350 sive
2547 3294 2654 3350 cal·

353 3382 612 3438 culorum
656 3379 833 3436 luduS.
901 3382 947 3437 si
991 3382 1168 3436 animo
1215 3388 1309 3434 tuo
1355 3396 1562 3435 morem
1606 3397 1764 3454 geras
1809 3379 2122 3453 aliquando,
2168 3378 2335 3434 nihilo
2382 3379 2535 3452 peius
2578 3380 2653 3434 vi-

354 3483 449 3522 ves
496 3482 661 3539 quam
704 3474 893 3534 antea3
938 3481 1002 3520 ex
1047 3481 1157 3538 quo
1188 3472 1412 3537 apparet
1457 3464 1603 3537 quod
1637 3464 1801 3537 vulgo
1836 3464 2041 3537 legitur
2080 3466 2299 3521 rectius
2326 3464 2652 3520 contrariam

355 3553 404 3606 ei
450 3567 560 3623 qua
610 3566 747 3623 opus
792 3557 878 3606 est
922 3548 1134 3605 efficere
1177 3547 1532 3605 sententiam.'
1580 3579 1668 3589 —-
1721 3551 1969 3606 delectes
2011 3565 2112 3621 pro
2168 3552 2219 3605 si
2261 3550 2528 3605 delectes.
2572 3579 2655 3588 —

354 3639 607 3698 secutas,-
661 3634 730 3690 cs.
777 3635 842 3689 de
888 3635 986 3690 hae
1029 3633 1201 3689 forma
1247 3633 1395 3688 Varr.
1452 3652 1534 3706 ap.
1591 3633 1821 3689 Gellium
1866 3632 2039 3703 xviii,
2086 3633 2143 3698 9,
2189 3632 2229 3688 4
2286 3633 2654 3690 testimonium

356 3726 413 3775 et
458 3736 601 3793 quae
643 3718 990 3792 disputarunt
1034 3717 1360 3773 Ritsclnelins
1409 3718 1546 3791 prol.
1584 3720 1710 3773 trin.
1746 3717 1841 3784 74,
1879 3716 2255 3774 Fleckeisenus
2288 3735 2355 3773 m.
2390 3718 2487 3774 nh.
2526 3717 2654 3790 Vnt,

359 3803 484 3859 221
517 3820 643 3877 sqq.
724 3802 963 3860 adseruit
1006 3819 1122 3859 eam
1152 3802 1325 3858 Plauti
1358 3801 1684 3859 Menaechm.
1715 3802 1775 3867 V,
1812 3803 1870 3873 7,
1903 3801 1982 3859 57
2018 3803 2208 3875 Varro,
2253 3803 2494 3860 eiusdem
2525 3804 2651 3859 trin.

359 3888 402 3959 Ι,
434 3888 497 3959 2,
529 3889 613 3945 93
660 3886 1002 3944 RitscheliuS.

536 3972 764 4029 9-12,
817 3990 982 4028 cenae
1012 3972 1246 4028 rusticae
1274 3971 1589 4045 descriptio.
1633 4001 1721 4012 -—-
1759 3976 2121 4043 proseciam,·
2162 3974 2237 4029 ita
2268 3972 2436 4028 Varro
2467 3970 2559 4029 lib.
2593 3971 2655 4027 xl

357 4073 545 4114 rerum
591 4058 939 4113 humanarum
991 4056 1127 4112 dixit
1179 4061 1517 4126 prosubiem:
1568 4061 1874 4127 prosiciem
1930 4066 2199 4114 extorum
2256 4059 2342 4113 vet
2396 4060 2454 4112 in
2501 4072 2653 4113 men·

356 4159 487 4199 sam
536 4145 877 4213 porricere,-
930 4140 1094 4215 idque
1150 4142 1310 4202 etiam
1368 4141 1574 4197 Lucilio
1631 4141 1950 4198 vocabulum
2010 4158 2287 4216 perperam
2339 4139 2657 4198 restituebat

357 4226 625 4298 Scaliger.

538 4311 636 4368 10.
703 4312 849 4367 illm!
888 4327 989 4384 pro
1032 4311 1226 4382 hilum,
1275 4320 1337 4367 ut
1380 4313 1540 4367 illum
1582 4312 1639 4366 in
1669 4328 1830 4367 versu
1876 4309 2097 4383 Turpilii
2131 4309 2232 4380 21,
2265 4309 2345 4366 26
2391 4312 2446 4366 ei
2470 4314 2658 4383 perii!

357 4398 528 4453 viden
586 4403 646 4452 ut
698 4398 1000 4453 ostendatur
1055 4401 1317 4459 cariem?
1386 4414 1521 4453 num
1572 4396 1750 4453 hilum
1803 4398 1978 4453 illaec
2033 4396 2258 4468 pudet?
2328 4400 2401 4450 et·
2440 4395 2496 4452 in
2550 4394 2656 4454 illis
