3267 5075
765 400 890 465 196
1742 390 1980 448 LIBER·
1996 393 2035 449 Ι.

760 569 958 624 missus
1004 569 1056 622 in
1107 564 1290 620 urbem
1337 561 1400 618 ab
1432 561 1612 618 Attalo
1659 577 1789 634 rege
1821 561 1993 616 Asiae.
2065 560 2156 616 illa
2202 561 2484 617 occasione
2513 562 2724 619 Lucilio
2768 564 2909 620 illum
2941 582 3019 620 no·

762 661 875 708 tum
923 651 1119 708 sactum
1165 650 1480 705 existimem.
1568 656 1622 701 et
1668 645 1964 718 discipulus
2011 644 2128 699 cius
2168 643 2528 701 Clitomachus
2574 646 2639 702 ad
2689 650 2830 704 liunc
2870 650 3017 722 ipsum

764 737 911 794 dedit
957 736 1168 791 librum.
1217 764 1297 773 ——
1343 741 1595 788 mortuus
1641 730 1699 785 C.
1747 746 1793 784 a.
1845 746 1892 784 a.
1942 727 2036 784 Ch.
2091 728 2208 785 129
2256 729 2337 784 vel
2392 730 2526 788 128.
2705 731 2722 743 ‘

932 821 1029 876 11.
1106 818 1362 891 frequens
1406 815 1627 872 verbum
1671 829 1897 886 pausae
1942 813 2079 887 apud
2125 822 2339 870 veteres
2382 815 2621 872 Latinos.
2667 846 2753 857 —-
2806 826 3016 873 ceterum

657 928 666 933 ·
760 914 908 962 recte
953 921 1064 960 rem
1111 904 1291 976 egisse
1345 905 1696 969 statuo·eOS,
1747 899 1838 975 qui
1881 904 2008 971 post
2049 897 2182 953 illud
2225 915 2473 969 pausam
2503 899 2571 955 de
2602 902 2904 957 coniectura
2943 901 3018 955 :ul-

760 990 945 1046 didere
985 989 1155 1062 facit.
1244 987 1319 1041 ita
1364 987 1502 1040 enim
1548 984 1681 1048 dixit
1727 982 1927 1038 Ennius
1973 983 2025 1037 in
2071 982 2350 1038 annalibus
2403 1000 2654 1056 pausam
2693 984 2896 1057 facere
2933 1001 3016 1042 ore

758 1073 870 1147 (alii
909 1069 1134 1147 fecere)
1170 1071 1471 1143 fremendi
1511 1075 1566 1124 et
1609 1067 1835 1123 Plautus
1878 1068 1933 1122 in
1978 1066 2221 1123 Poenulo
2266 1083 2367 1140 eqo
2410 1085 2660 1139 pausam
2700 1069 2844 1142 feci,
2899 1069 3015 1125 idem

761 1161 814 1215 in
859 1157 1106 1213 Rudente
1147 1164 1402 1227 pausam·
1436 1154 1589 1225 fieri.
1645 1183 1710 1192 —-
1764 1150 2011 1207 nonnulli
2058 1152 2136 1206 sic
2178 1153 2327 1207 haec
2372 1154 2470 1209 ubi
2494 1154 2673 1224 dicta,
2718 1156 2866 1211 dedit
2887 1171 3014 1225 pau·

760 1260 883 1300 sam
928 1258 1030 1298 ore
1072 1234 1384 1313 loquendi.‘
1430 1238 1517 1292 vix
1565 1246 1741 1292 tannen
1785 1234 1996 1291 credam
2043 1236 2299 1291 omissum
2332 1236 2423 1292 tali
2469 1237 2687 1310 quidem
2731 1238 3015 1294 condicione

756 1326 979 1383 verbum
1026 1324 1281 1382 auxiliare
1326 1340 1355 1378 a
1397 1321 1624 1391 Lucilio,
1672 1336 1991 1393 quamquam
2037 1319 2154 1375 siue
2186 1320 2484 1377 offensione
2524 1322 2735 1401 legitur
2763 1322 2892 1396 apud
2926 1322 3014 1376 Ma-

757 1428 947 1468 ronem
992 1427 1110 1466 aen.
1156 1409 1198 1480 1,
1244 1407 1322 1465 81
1384 1409 1531 1463 haec
1562 1408 1661 1462 ubi
1701 1408 1887 1478 dicta,
1947 1420 2150 1461 cavum
2196 1421 2476 1462 conversa
2523 1409 2761 1478 cuspide
2801 1414 3014 1463 montem

757 1498 978 1567 impulit
1021 1498 1082 1551 in
1124 1496 1299 1550 latus.
1392 1490 1462 1547 ib.
1508 1489 1573 1562 11,
1622 1490 1739 1546 791
1790 1487 1951 1544 habes
1996 1491 2144 1546 haec
2189 1491 2286 1545 ubi
2325 1491 2481 1546 dicta
2527 1492 2681 1547 dedit
2694 1516 2711 1553 ,·
2758 1499 2811 1546 et
2851 1499 3014 1548 contra

760 1580 841 1650 vt,
889 1580 967 1637 76
1008 1582 1183 1651 finem
1228 1578 1382 1633 dedit
1425 1591 1527 1632 ore
1569 1575 1857 1648 loquendi.

932 1681 1028 1737 13.
1091 1682 1346 1751 potissit,·
1389 1675 1631 1750 Iuppiter
1674 1677 1786 1731 sive
1816 1675 1953 1730 Mars
2001 1682 2243 1749 utputo.
2288 1705 2372 1716 —
2415 1672 2526 1750 quo
2554 1680 2824 1749 populum
2852 1680 3014 1751 adque

758 1768 953 1824 urbem
991 1771 1204 1838 pacto;
1248 1765 1326 1818 ita
1364 1760 1503 1817 libro
1550 1760 1593 1814 V
1637 1778 1748 1833 quo
1804 1775 1892 1815 me
1944 1760 2188 1816 habeam
2223 1768 2423 1832 pacto.
2511 1760 2714 1834 alioqui
2768 1779 2870 1818 non
2909 1778 3011 1816 sum

757 1851 972 1907 nescius
1027 1848 1117 1904 illa
1174 1866 1284 1921 quo
1339 1851 1517 1918 pacto
1560 1845 1710 1900 velut
1754 1843 2017 1899 formulae
2070 1846 2240 1900 instar
2293 1846 2460 1900 unu‘m
2518 1862 2748 1919 aequare
2791 1845 3011 1913 verbum3

757 1935 826 1991 cs.
875 1935 929 1990 d.
977 1951 1021 1988 r.
1070 1950 1142 1987 m.
1193 1930 1334 1987 224.

934 2016 1032 2075 14.
1103 2018 1433 2087 herpestica
1480 2031 1625 2089 noni.
1674 2014 1814 2087 plur.
1872 2044 1955 2053 —
2007 2020 2246 2069 ceterum
2290 2013 2618 2071 conferenda
2662 2015 2898 2070 Varronis
2935 2014 3011 2070 illa

758 2120 788 2160 e
832 2101 870 2158 1.
908 2102 968 2157 III
1014 2100 1092 2181 de⁹
1127 2102 1231 2156 vita
1262 2119 1315 2174 p.
1348 2098 1408 2154 R.
1456 2117 1568 2172 quo
1606 2098 1851 2170 facilius
1894 2100 2394 2155 animadvertatur
2431 2115 2546 2170 per
2590 2116 2781 2156 omnes
2820 2103 3010 2155 articu-

756 2191 844 2244 los
882 2189 1089 2260 populi
1128 2187 1283 2242 hanc
1313 2187 1451 2240 mali
1474 2199 1829 2256 qanqrenam
1861 2186 2361 2256 sanguinulentam
2396 2199 2749 2256 permeasse.
2798 2215 2866 2224 —
2906 2201 3009 2238 ma-

755 2276 888 2343 lum,
935 2279 1071 2345 puto
1118 2272 1264 2342 tangi
1299 2285 1359 2324 ea
1402 2270 1531 2324 vitia
1561 2284 1689 2341 pop.
1725 2266 1900 2337 Rom.⁹
1945 2283 2082 2340 quae
2113 2269 2272 2341 origo
2303 2268 2456 2325 fuere
2488 2268 2753 2324 bellorum
2783 2268 3006 2324 civilium.

930 2355 1025 2412 15.
1082 2370 1207 2410 cave
1251 2354 1436 2409 credas
1481 2351 1612 2407 illud
1652 2348 1903 2424 populus
1932 2350 2232 2407 subiectum
2265 2369 2385 2407 esse
2415 2351 2562 2408 verbi
2597 2353 2740 2426 quod
2787 2360 2866 2409 est
2893 2369 3007 2408 con·

753 2446 924 2498 iuret.
973 2470 1056 2478 —
1102 2439 1384 2494 coniurare
1429 2438 1535 2493 hoc
1578 2436 1698 2492 loco
1744 2436 1979 2509 positum
2028 2443 2086 2490 ut
2130 2453 2211 2508 ap.
2259 2435 2366 2491 Cic.
2422 2452 2523 2510 pro
2569 2437 2717 2493 Sulla
2762 2436 2835 2494 25
2882 2435 3006 2492 Cati·

754 2529 875 2583 lina
921 2532 1125 2582 contra
1184 2540 1305 2579 rem
1350 2524 1653 2596 publicam
1709 2523 2032 2578 coniuravit
2089 2529 2142 2576 et
2192 2524 2261 2576 ita
2306 2522 2539 2595 saepiuS.
2629 2530 2860 2579 ceterum
2899 2522 3007 2577 haec

757 2610 915 2666 verba
959 2609 1025 2664 ad
1069 2608 1275 2682 Lupum
1322 2616 1569 2681 spectare
1616 2605 1781 2661 videri
1826 2605 2034 2661 Dousae
2078 2605 2371 2661 adsentior.

928 2681 1046 2750 16.'
1099 2692 1378 2764 insumam
1426 2697 1733 2764 egestatem
1786 2707 1895 2746 non
1939 2688 2076 2745 bene
2130 2690 2527 2754 Lachmannus;
2592 2708 2713 2748 nam
2767 2709 2861 2749 nec
2898 2691 3004 2746 satis

753 2781 1018 2836 concinne
1061 2781 1362 2850 iunguntur
1408 2777 1495 2832 illa
1538 2775 1818 2847 insumam
1874 2781 2099 2847 turpem
2143 2783 2199 2829 et
2242 2774 2533 2830 violentius
2578 2793 2749 2850 aequo
2791 2794 2885 2850 pro
2921 2776 3001 2831 lio·

754 2870 978 2921 nestam
1008 2863 1309 2935 repositum
1340 2871 1423 2917 est
1455 2866 1781 2934 eyestatem.
1831 2889 1906 2898 —
1955 2859 2211 2931 infamas
2241 2867 2303 2914 ut
2330 2860 2621 2918 inberbus.
2654 2891 2736 2902 -—
2763 2861 3002 2932 infamem

754 2954 1055 3021 quaestum
1098 2945 1475 3002 BaehreusiuS.
2702 2971 2709 2974 ·

929 3031 1027 3091 17.
1103 3037 1490 3102 tempestatem
1533 3031 1723 3100 hanc,
1768 3030 1920 3085 hunc
1966 3045 2160 3085 rerum
2207 3036 2447 3095 statum5
2489 3030 2737 3086 similiter
2779 3030 2815 3086 1.
2854 3026 2998 3084 xxvn

753 3119 868 3173 iam
913 3134 1028 3190 qua
1075 3121 1411 3186 tempestate
1455 3118 1594 3185 vivo,
1643 3116 1874 3170 chresin
1922 3117 2001 3170 ad
2039 3128 2126 3169 me
2171 3116 2409 3184 recipio.

925 3200 1022 3257 18.
1098 3198 1291 3255 Festus
1323 3198 1448 3257 314
1492 3207 1700 3255 satura
1732 3207 1786 3255 et
1831 3200 1943 3254 cibi
1980 3214 2163 3271 penus
2208 3214 2286 3254 ex
2317 3203 2496 3256 variis
2535 3201 2707 3256 rebus
2749 3201 2998 3256 conditum

752 3293 838 3343 est
885 3293 940 3342 et
981 3290 1086 3343 lex
1129 3287 1321 3341 multis
1364 3286 1495 3341 aliis
1535 3285 1753 3356 legibus
1797 3283 2089 3355 confecta.
2170 3287 2365 3356 itaque
2407 3288 2466 3340 in
2512 3289 2805 3341 sanctione
2842 3287 2996 3355 leyum

752 3371 1106 3427 adscribitur
1149 3366 1316 3425 ‘neve
1354 3384 1467 3440 per
1509 3377 1772 3424 saturam
1817 3369 2094 3441 abroyalo
2139 3374 2239 3424 aut
2293 3360 2613 3442 aeroyatof.
2707 3370 2765 3425 T.
2810 3370 2996 3423 Annius

752 3454 979 3513 Luscus
1035 3458 1092 3510 in
1141 3470 1209 3510 ea
1259 3471 1432 3526 quam
1477 3455 1623 3509 dixit
1668 3455 1949 3509 adversus
1998 3452 2077 3508 Ti.
2127 3454 2456 3510 Gracchum
2511 3452 2825 3526 ‘imperium
2872 3450 2999 3523 quod

743 3541 948 3611 plebes
998 3554 1109 3611 per
1165 3547 1427 3594 saturam
1471 3540 1737 3606 dederat,
1796 3539 1858 3592 id
1908 3538 2246 3610 abroyatum
2302 3535 2429 3594 est.'
2518 3538 2614 3593 sed
2661 3537 2846 3593 melius
2883 3542 2993 3609 puto

751 3622 1018 3678 Diomedis
1065 3631 1120 3677 et
1150 3622 1294 3678 Festi
1327 3622 1649 3678 testimoniis
1694 3620 1758 3676 ad
1806 3620 2174 3694 explicandum
2207 3639 2418 3677 versum
2451 3622 2638 3678 Lucilii
2668 3623 2858 3677 faciunt
2881 3633 2992 3692 quae

750 3708 806 3761 in
852 3707 1088 3762 editione
1135 3707 1374 3780 principe
1401 3706 1572 3762 Persii
1616 3723 1715 3761 nec
1759 3707 1932 3761 minus
1974 3707 2030 3761 iu
2076 3705 2160 3761 cd.
2208 3705 2509 3762 Monaceusi
2553 3706 2809 3781 leguntur
2835 3705 2889 3760 dc
2926 3717 2993 3757 sa-

753 3799 872 3847 tura
922 3785 1044 3867 [pg.
1092 3789 1210 3845 241
1247 3790 1329 3846 ed.
1364 3785 1566 3866 Iahn.]‚
1613 3788 1702 3845 ubi
1734 3790 1862 3846 haec
1891 3798 2047 3845 sunt:
2093 3797 2299 3861 satyra
2342 3795 2472 3846 item
2504 3794 2715 3848 dicitur
2739 3796 2839 3848 lex
2862 3786 2996 3860 apud

752 3873 1046 3931 Romanos
1071 3877 1214 3939 lata,
1244 3892 1395 3947 quae
1416 3874 1645 3946 fucatis
1675 3876 1866 3931 verbi-s
1889 3874 2051 3946 fallit
2099 3873 2189 3949 (ita
2221 3874 2384 3947 Mon.)
2417 3879 2727 3946 audienteS,
2775 3883 2834 3932 ul
2859 3870 2995 3928 aliud

750 3961 925 4030 dicat,
974 3961 1137 4015 aliud
1175 3974 1311 4016 vero
1355 3961 1653 4033 siqnificet.

922 4043 1020 4100 19.
1053 4048 1111 4099 in
1141 4051 1478 4115 satyrarum
1509 4044 1573 4107 1,·
1601 4043 1969 4116 reponendum
2002 4043 2124 4099 libri
2154 4061 2437 4100 numerum
2470 4053 2552 4101 sat
2582 4051 2824 4120 apparet3
2853 4056 2986 4115 quem

752 4128 840 4184 ubi
887 4128 1089 4184 omittit
1136 4124 1395 4196 Donatus,
1444 4128 1672 4202 simplici
1716 4127 1883 4183 Lucili
1930 4129 2147 4184 nomine
2191 4131 2272 4184 uti
2316 4130 2476 4185 solet.
2519 4161 2602 4171 —
2647 4132 2813 4185 minus
2852 4127 2987 4181 etiam

655 4211 664 4218 “
749 4213 966 4269 dubium
999 4212 1153 4285 illud,
1199 4214 1330 4285 quin
1360 4211 1596 4268 Lucilius
1630 4212 1904 4286 Ilymnidis
1937 4214 2134 4268 aulicae
2177 4229 2306 4269 suae
2337 4222 2397 4269 ut
2427 4214 2630 4270 ultimis
2663 4214 2701 4268 V
2728 4215 2794 4269 ita
2819 4209 2990 4285 priori·

749 4295 849 4351 bus
903 4296 988 4351 XX
1047 4298 1354 4353 memoriam
1409 4297 1654 4353 iniecerit
1720 4294 1790 4371 (id
1847 4298 1987 4352 enim
2046 4296 2183 4352 infra
2250 4298 2429 4355 adlato
2497 4297 2800 4372 probabitur
2861 4294 2988 4350 testi·

750 4377 953 4458 monio)
1012 4383 1150 4437 sicut
1206 4389 1263 4437 et
1318 4384 1469 4456 pueri
1516 4380 1730 4437 delicati
1774 4383 1975 4455 pariter
2019 4381 2241 4456 XXVIIII
2285 4392 2340 4438 et
2388 4382 2471 4438 VII
2527 4384 2633 4441 vol.
2676 4381 2984 4439 mentionem.
