3267 5075
1240 384 1459 452 LIBER
1493 383 1770 452 Xxvn'n.
2522 382 2649 459 115

1294 557 1531 626 LXXV
1581 556 1714 648 [25]

535 679 642 745 hic
689 701 791 744 me
824 657 948 743 'ubi
995 679 1180 765 vidit,
1227 677 1702 760 subblanditur,
1747 677 2071 761 palpatur,
2118 679 2311 759 caput
2356 677 2586 760 scabit,

535 797 729 880 pedes
775 796 935 880 legit
984 843 1702 864 „„„„„„„„„„„„

1228 889 1545 972 ‘LXXVI
1593 901 1727 994 [29]

539 1027 695 1091 hoce
751 1026 1035 1090 venisset
1078 1047 1279 1087 unum
1335 1023 1416 1087 ad
1470 1023 1767 1087 morbum
1830 1024 2012 1087 illum
2066 1022 2314 1086 homini
2368 1023 2469 1086 vel

1213 1139 1654 1203 bellissimum.

1134 1252 1438 1318 LXXVII
1486 1250 1630 1339 [inc.
1684 1251 1881 1340 101]*

543 1372 833 1436 Persium
877 1393 1010 1435 non
1057 1393 1210 1435 curo
1255 1371 1497 1453 legere:
1543 1368 1832 1433 Laelium
1879 1349 2234 1432 Decumum
2281 1370 2445 1433 volo.

1213 1483 1553 1548 LXXVHJ
1602 1480 1736 1570 [15]
1761 1507 1800 1547 a

320 1605 489 1671 100
542 1624 686 1667 cum
731 1600 1003 1666 manicis
1048 1600 1260 1664 catulo
1307 1581 1715 1683 collareique,
1761 1603 1834 1662 ut
1876 1599 2249 1684 fugitivom,

543 1718 920 1801 deportem.‘

1241 1829 1513 1895 LXXIX
1565 1827 1699 1917 [57]
1731 1832 1773 1895 b

541 1969 657 2012 nec
698 1949 1037 2011 ventorum
1083 1945 1345 2009 flamina
1390 1945 1604 2010 flando
1653 1945 1813 2009 suda
1859 1946 2223 2010 secundent.

324 2217 521 2275 Gen„
558 2212 839 2261 XXVII-1
885 2213 931 2261 L
980 2209 1046 2278 1).
1154 2211 1356 2262 LXXV
1400 2211 1540 2262 Non.
1577 2213 1695 2273 472,
1731 2214 1763 2261 5
1799 2211 2130 2275 palpatur.
2205 2213 2514 2263 Lucil-ius
2551 2214 2645 2267 lib.

324 2281 649 2334 XXVIIII.
688 2307 754 2315 —
790 2280 983 2330 Festus
1020 2283 1119 2331 210
1156 2280 1348 2343 pedes
1387 2296 1482 2343 pro
1510 2279 1797 2342 pediculis·
1870 2279 1951 2329 sic
1986 2278 2220 2330 Plautus
2257 2314 2321 2321 —-
2358 2288 2413 2332 et
2452 2283 2645 2333 Livius

325 2379 417 2390 —
470 2355 532 2399 et
578 2346 916 2398 Lucilius:
977 2347 1089 2396 ubi
1139 2363 1233 2397 me
1287 2348 1483 2409 vidit,
1538 2352 1737 2411 caput
1792 2347 2035 2408 scabit,
2089 2348 2286 2411 pedes
2340 2348 2528 2414 legit.
2581 2376 2648 2384 ——

327 2417 550 2470 eadem
586 2416 676 2465 sed
711 2415 911 2465 additis
946 2430 1223 2478 perperam
1259 2415 1315 2463 in
1342 2415 1610 2479 principio
1634 2414 1827 2463 Titinii
1850 2414 2032 2463 verbis
2068 2415 2426 2479 pedicosus
2462 2434 2533 2482 sq
2552 2433 2649 2468 ua-

329 2485 545 2537 lidus
583 2482 746 2533 habet
784 2482 985 2532 Paulus
1009 2486 1124 2533 211.
1163 2509 1226 2518 —
1261 2482 1407 2532 hunc
1444 2482 1733 2546 exscripsit
1771 2483 1964 2531 auctor
2000 2481 2140 2532 thes.
2181 2499 2303 2534 nov.
2344 2485 2466 2534 Lat.
2504 2491 2649 2537 auct.

328 2554 582 2606 classic.
621 2569 654 2601 a
688 2552 835 2601 Maio
871 2551 952 2604 ed.
989 2551 1139 2613 VIII,
1173 2552 1291 2613 400,
1328 2552 1483 2602 cuius
1522 2566 1697 2614 nugas
1732 2549 1924 2600 afferre
1959 2566 2067 2600 non
2102 2555 2285 2602 vacat.
2415 2552 2647 2603 LXXVI

329 2624 502 2674 Non.
542 2622 656 2681 527,
693 2622 759 2668 25
794 2617 897 2669 vel
933 2633 1030 2684 pro
1068 2620 1234 2668 etiam
1272 2624 1377 2669 est.
1446 2621 1517 2668 M.
1552 2617 1767 2668 Tullius
1803 2644 1869 2653 —-
1904 2617 2206 2669 Lucilius
2242 2617 2336 2669 lib.
2376 2619 2648 2670 XXVIIII

334 2687 681 2755 (XXVIII
723 2687 938 2750 Bamb.,
985 2686 1030 2735 L
1069 2684 1139 2750 2).
1344 2686 1603 2736 LXXVII
1657 2685 1843 2735 Cicero
1888 2685 1938 2734 d.
1984 2701 2060 2735 or.
2099 2687 2179 2749 11,
2217 2688 2276 2748 6,
2312 2689 2377 2738 25
2423 2704 2548 2737 nam
2587 2694 2645 2738 ut

332 2757 408 2808 C.
457 2754 771 2805 Lucilius
809 2754 966 2803 homo
1003 2754 1195 2803 doctus
1231 2760 1286 2803 et
1322 2753 1657 2817 perurbanus
1693 2752 1869 2802 dicere
1903 2752 2116 2803 solebat
2149 2769 2323 2819 neque
2359 2771 2417 2805 se
2456 2756 2526 2805 ab
2564 2757 2646 2805 in-

330 2823 696 2876 doctissimis
732 2837 906 2886 neque
940 2838 974 2870 a
1007 2821 1337 2872 doctissimis
1373 2820 1486 2884 legi
1519 2820 1679 2883 velle,
1716 2820 1860 2886 quod
1883 2821 2042 2870 alteri
2068 2820 2202 2870 nihil
2239 2821 2643 2885 intellegerent,

331 2892 528 2944 alteri
572 2889 694 2955 plus
738 2889 970 2939 fortasse
1017 2904 1175 2955 quam
1218 2889 1377 2954 ipse3.
1416 2905 1521 2954 quo
1558 2889 1728 2939 etiam
1773 2888 1990 2951 scripsit
2040 2889 2100 2942 P.
2136 2904 2189 2938 n.
2228 2905 2273 2938 c.
2309 2888 2347 2939 l.
2400 2890 2510 2950 (hic
2544 2890 2648 2941 fuit

336 2960 527 3022 enim,
565 2965 625 3006 ut
648 2972 920 3020 noramuS,
958 2957 1194 3006 omnium
1217 2956 1325 3006 fere
1349 2962 1653 3006 nostrorum
1678 2956 1951 3005 hominum
1979 2956 2376 3018 doctissimus):
2415 2958 2478 3008 L.
2505 2957 2553 3007 d.
2579 2974 2650 3020 v‚,

338 3041 521 3095 quem
561 3026 914 3089 cognovimus
957 3025 1132 3074 virum
1176 3025 1376 3074 bonum
1420 3029 1474 3073 et
1509 3040 1619 3074 non
1656 3022 2042 3085 inlitteratum,
2086 3024 2177 3074 sed
2224 3023 2362 3073 nihil
2406 3025 2474 3074 ad
2517 3026 2646 3076 Per-

336 3100 523 3147 sium.
570 3119 631 3128 —
675 3092 783 3142 huc
831 3095 1097 3155 pertinere
1144 3097 1299 3155 putat
1338 3092 1611 3142 Corradus
1658 3106 1798 3156 quae
1838 3090 2093 3153 leguntur
2138 3093 2195 3140 in
2237 3093 2395 3156 epist.
2430 3093 2500 3141 ad
2535 3095 2647 3143 Att.

338 3162 514 3222 XVI,
554 3163 633 3222 11,
674 3165 730 3213 1:
782 3160 1144 3225 perstringam
1191 3159 1284 3224 (M.
1318 3159 1637 3218 Antonium)
1685 3159 1804 3209 sine
1842 3157 1958 3208 ulla
1992 3158 2321 3209 contumelia
2357 3160 2511 3209 Sicae
2551 3166 2650 3209 aut

341 3229 692 3295 Septimiae3
728 3233 942 3277 tantum
976 3234 1038 3278 ut
1064 3228 1246 3278 sciant
1269 3226 1480 3286 παῖδες
1504 3225 1733 3276 παίδων
1769 3227 1886 3275 sine
1925 3225 2109 3276 vallo
2134 3225 2493 3276 Luciliano
2527 3241 2648 3276 eum

341 3315 430 3351 ex
471 3294 580 3345 Gai
610 3296 745 3345 Fadi
779 3294 892 3344 filia
928 3294 1126 3346 liberos
1171 3295 1443 3345 habuisse.
1489 3321 1555 3330 -
1598 3294 1677 3343 ibi
1719 3292 1813 3343 ille
1865 3310 1911 3342 v.
1946 3295 2010 3344 L.
2050 3294 2106 3342 id
2141 3295 2317 3358 ipsum
2354 3292 2654 3357 significari

341 3365 640 3417 existimat
664 3363 805 3428 quod
822 3361 1067 3412 Lucilius
1093 3378 1268 3428 neque
1291 3379 1324 3411 a
1347 3362 1680 3413 doctissimis
1705 3366 1882 3426 neque
1909 3362 1978 3411 ab
2003 3361 2393 3411 indoctissimis
2418 3378 2521 3411 sua
2539 3361 2650 3426 legi

343 3432 615 3486 voluerit.
689 3431 785 3481 sed
824 3431 903 3479 ibi
940 3430 1098 3480 sillo
1134 3428 1300 3480 Gron.
1336 3431 1500 3480 verba
1537 3430 1769 3480 obscura
1814 3428 2036 3478 necdum
2080 3429 2213 3478 satis
2248 3429 2515 3491 expedita.

344 3499 655 3551 LXXVIII
713 3499 855 3548 Non.
893 3499 987 3558 36,
1024 3501 1090 3547 24
1134 3497 1395 3547 collare
1431 3503 1514 3548 est
1553 3496 1757 3547 vinculi
1792 3511 1990 3560 genus,
2037 3511 2142 3561 quo
2181 3494 2381 3545 collum
2415 3497 2651 3547 adstrin-

348 3570 533 3636 gitu'r.
605 3564 912 3616 Lucilius
947 3564 1042 3614 lib.
1079 3564 1362 3619 XXVIIII.
1500 3564 1735 3615 LXXIX
1793 3565 1931 3613 Non.
1967 3566 2048 3623 31,
2088 3565 2150 3612 14
2186 3563 2412 3614 sudum
2446 3563 2652 3615 dictum

347 3641 449 3687 est
485 3635 643 3699 quasi
677 3633 901 3684 seudum
938 3632 1081 3696 (cdd.
1123 3632 1509 3698 semiudum)
1553 3637 1616 3682 ut
1652 3637 1735 3683 est
1770 3646 1862 3680 aer
1897 3635 2020 3694 post
2064 3630 2281 3694 pluvias
2326 3647 2555 3683 serenus
2594 3639 2651 3681 et

349 3702 623 3767 liquidus,
711 3700 987 3764 Vergilius
1036 3728 1099 3736 —
1144 3699 1377 3751 Plautus
1422 3729 1483 3736 —
1523 3700 1833 3762 Lucilius
1885 3699 1981 3749 lib.
2036 3698 2319 3750 XXVIIII.

541 3970 619 4027 96
665 3969 754 4024 ubi
801 3973 960 4026 abest
990 3989 1026 4025 a
1060 3971 1104 4024 L
1137 3971 1193 4040 2,
1247 3970 1441 4025 Bamb.
1492 3999 1572 4007 —-
1617 3967 1763 4023 videt
1800 3968 2036 4025 Νοηίαε.
2085 3999 2168 4007 -
2212 3971 2383 4025 scauit
2428 3970 2474 4024 L
2509 3969 2645 4025 116.

541 4055 620 4111 97
667 4054 828 4127 pedes
885 4053 1019 4128 legit
1076 4073 1182 4111 om.
1230 4054 1467 4111 Nonius.
1528 4083 1610 4090 —
1675 4056 1731 4108 in
1780 4055 1919 4110 theS.
1967 4071 2092 4110 nov.
2139 4054 2266 4110 Lat.
2328 4056 2473 4110 haec
2517 4060 2651 4109 sunl

359 4139 724 4213 hispedicosis
772 4138 858 4194 ubi
887 4155 971 4194 me
1004 4139 1154 4210 vidit,
1198 4148 1358 4212 caput
1404 4136 1710 4209 abscondit,
1755 4138 1943 4211 pedem
1976 4141 2259 4193 contraxit.
2393 4137 2471 4192 98
2517 4138 2650 4192 hoce

356 4225 607 4280 venisset
638 4222 718 4292 M,
764 4224 866 4279 hoc
894 4225 1187 4279 invenisset
1244 4226 1368 4279 cdd.
1502 4222 1580 4278 99
1628 4222 1917 4277 Decumum
1950 4225 2075 4278 cdd.
2111 4224 2345 4293 aliquot,
2381 4221 2647 4275 Decimum

360 4310 769 4380 Erlanyensis.
903 4309 1024 4366 loo
1067 4308 1304 4364 catulum
1348 4325 1449 4364 ms.
1486 4307 1684 4362 Fabri.
1732 4336 1819 4347 —
1860 4307 2185 4379 collau-eique
2218 4306 2298 4373 M,
2343 4305 2650 4378 collar-eque

361 4395 526 4463 cdd„
581 4390 873 4466 collarique
919 4413 967 4449 v.
1019 4423 1099 4432 —
1149 4392 1433 4467 fugitivum
1480 4392 1542 4462 G,
1593 4393 1639 4446 L
1689 4392 1743 4462 1,
1791 4392 2049 4465 fugitivus
2091 4391 2238 4446 liber
2282 4391 2478 4445 Fabri.

2155 4489 2227 4541 8*
