3267 5075
695 367 823 429 2⁴52
1573 364 1790 418 Lmen
1828 364 2104 419 xxvnn.

866 532 965 589 34.
1041 536 1306 604 recipere
1351 545 1654 603 revocare,
1700 538 1937 603 nugatur
1981 530 2204 587 Nonius,

865 616 964 674 35.
1043 624 1311 690 uryuent,
1357 618 1573 673 instant
1602 616 1789 671 Cicero
1836 614 1999 689 srgm.
2046 632 2127 671 or.
2160 632 2260 689 pro
2301 615 2361 672 L.
2397 616 2606 671 Vareno
2640 615 2675 670 2
2721 617 2770 668 in
2799 615 2945 668 inimi·

702 705 930 759 cissima
978 705 1209 758 civitate
1255 709 1461 774 urqent
1510 703 1732 756 instant
1774 704 2174 771 insequuntur.

865 787 965 845 36.
1041 785 1185 841 verbi
1231 785 1376 858 quod
1422 792 1506 841 est
1551 788 1814 855 coicere,
1859 783 2132 840 subtracta
2179 802 2234 855 n,
2283 786 2527 859 exempla
2573 784 2776 856 aliquot
2816 779 2950 836 habes

696 890 781 946 ap.
831 871 968 927 Non.
1018 870 1163 941 267,
1195 869 1349 935 268;
1396 870 1496 926 alia
1539 869 1693 925 all’ert
1737 867 2104 924 Lachmannus
2149 886 2344 926 comm.
2400 868 2559 925 Luer.
2598 857 2747 924 ‘136.
2816 880 2953 937 supra

696 961 813 1030 ipse
858 955 1093 1012 Lucilius
1137 955 1275 1028 quid
1314 956 1496 1010 dieis?
1560 969 1673 1012 cur
1714 959 1801 1011 est
1837 953 2084 1024 factum,
2131 956 2284 1027 quod
2311 957 2492 1011 coicis
2536 957 2725 1010 istuc?
2763 979 2839 990 —
2877 964 2952 1004 ce-

699 1050 873 1097 terum
917 1039 1047 1097 illud
1094 1040 1238 1097 bono
1284 1043 1470 1095 animo
1514 1055 1576 1095 es
1621 1037 1887 1093 formulae
1931 1054 2052 1092 esse
2097 1040 2268 1094 instar
2310 1046 2546 1096 constat.

869 1110 1010 1182 36‘2.
1085 1122 1308 1180 videnda
1355 1139 1492 1196 quae
1540 1124 1720 1178 notavi
1766 1120 1830 1176 aa
1877 1120 2097 1193 xxvm,
2130 1122 2229 1179 23.

870 1209 969 1266 37.
1045 1212 1357 1264 intromissi
1400 1207 1436 1262 B
1483 1216 1542 1263 ut
1587 1209 1640 1263 in
1689 1205 1865 1261 verbis
1910 1207 2052 1262 Accii
2098 1223 2236 1282 qnae
2278 1207 2543 1281 leguntur
2573 1206 2697 1265 322
2729 1224 2773 1262 s,
2804 1222 2847 1258 v.
2888 1206 2957 1258 in-

698 1296 890 1350 solens
948 1292 1028 1363 (ea
1074 1292 1203 1347 alias
1248 1292 1528 1348 docuimus
1571 1294 1645 1348 ita
1691 1307 1813 1348 esse
1856 1289 2136 1347 scribenda
2182 1296 2264 1347 ila
2304 1295 2447 1364 fletu
2493 1300 2548 1348 et
2600 1291 2845 1349 tenebris
2882 1287 2959 1342 ob-

699 1382 946 1434 stinatus
988 1392 1216 1448 sperem
1262 1380 1425 1433 a‘misi
1463 1379 1692 1433 luminis
1730 1371 1741 1450 Ι
1780 1377 2174 1446 conspiciendi
2213 1375 2539 1451 insolentia)
2586 1374 2705 1433 cdd.
2737 1371 2962 1431 exhibent

699 1466 909 1519 amissi.
957 1491 1042 1502 —
1085 1461 1342 1533 referas,
1385 1460 1450 1519 ad
1495 1462 1771 1517 dominum
1817 1476 2110 1517 conversus
2154 1462 2227 1516 ait
2271 1460 2484 1517 aediu'm
2530 1475 2830 1536 possessor.

871 1546 972 1606 39.
1015 1563 1147 1619 nug.
1173 1545 1268 1613 N.;
1294 1561 1545 1617 carpere
1569 1546 1621 1602 h.
1649 1545 1685 1601 1.
1714 1544 1914 1600 dictum
1940 1553 1999 1600 ιιι
2023 1563 2108 1619 ap.
2138 1544 2265 1604 Hor.
2291 1562 2338 1602 c.
2365 1545 2406 1615 l,
2436 1546 2536 1618 11,
2555 1547 2592 1604 8
2620 1559 2799 1617 carpe
2820 1542 2963 1598 diem.

871 1630 971 1692 40,
1047 1629 1304 1686 excidisse
1349 1647 1468 1686 cum
1499 1629 1690 1686 Lucilii
1735 1628 1911 1685 verbis
1957 1629 2147 1686 lemma
2194 1630 2340 1687 velut
2374 1630 2478 1686 tale
2507 1631 2829 1688 distrahere
2869 1627 2964 1681 dis-

704 1732 947 1788 cerpere
991 1732 1114 1771 cum
1158 1716 1373 1772 nomine
1416 1716 1653 1771 auctoris
1697 1716 1850 1770 cuius
1895 1716 2003 1769 sint
2056 1714 2145 1770 illa
2192 1716 2446 1772 dividant
2498 1717 2779 1789 differam
2820 1712 2964 1767 dissi·

700 1810 838 1873 pent
880 1802 1210 1858 distrahant
1253 1800 1438 1855 monui
1471 1799 1569 1855 71.
1650 1815 1708 1854 ea
1758 1796 1896 1853 baud
1943 1797 2105 1854 dubie
2149 1801 2377 1856 scaenici
2425 1810 2641 1873 poetae,
2688 1807 2747 1855 ut
2777 1795 2965 1852 videtur

704 1887 915 1942 comici.
959 1915 1043 1928 —-
1088 1891 1190 1940 cet.
1224 1884 1367 1958 sugit
1397 1882 1742 1939 Ribbeckiuin
1777 1881 1933 1938 verba
1967 1883 2167 1953 Titinii,
2213 1900 2348 1957 quae
2380 1883 2643 1957 leguntur
2672 1880 2808 1957 apud
2842 1878 2965 1933 Fest.

705 1970 830 2028 270
860 1989 902 2026 S.
931 1971 967 2028 l.
996 1967 1246 2025 rediviam
1278 1970 1571 2043 ingenuum
1603 1967 1877 2042 complere
1910 1975 2276 2025 tetrametrum
2307 1969 2675 2026 catalecticum
2704 1967 2965 2025 creticum:

959 2094 1218 2153 lassitudo
1263 2095 1576 2151 conservom
1625 2095 1855 2153 rediviae
1901 2096 2071 2168 flagri.

874 2234 976 2290 42.
1051 2235 1134 2289 cui
1181 2235 1415 2306 positum
1461 2235 1565 2289 erit
1605 2251 1811 2290 comma
1858 2242 1982 2307 post
2013 2234 2144 2290 illud
2176 2235 2434 2305 Albinus,
2480 2236 2526 2290 is
2568 2235 2717 2292 Nonii
2767 2239 2971 2303 stupore

708 2319 1006 2376 subiectum
1052 2319 1330 2392 sequentis
1376 2320 1640 2375 enuntiati
1686 2320 1942 2375 omissum
1988 2326 2189 2375 statuat
2236 2335 2455 2375 neeesse
2502 2328 2603 2377 est.

875 2403 973 2461 43.
1050 2397 1347 2474 ἐπιφωνεῖ
1383 2419 1641 2476 praesens
1686 2403 2019 2459 historicum.

876 2487 975 2546 44.
1051 2490 1214 2545 deum
1258 2504 1379 2543 cum
1424 2490 1655 2562 synizesi
1699 2486 2011 2544 adhibitum.

877 2574 975 2630 47.
1045 2576 1293 2645 pluteoS,
1339 2574 1431 2646 qui
1475 2582 1604 2630 sunt
1649 2575 1704 2628 in
1741 2573 1977 2629 turribus
2010 2575 2265 2630 bostium.
2314 2605 2396 2616 —-
2441 2580 2716 2646 excutiet,
2764 2572 2966 2631 rimabi-

710 2668 832 2716 tur.-
877 2658 1067 2714 melius
1115 2667 1287 2714 tamen
1334 2660 1600 2715 emendet.
1645 2688 1727 2698 —
1772 2661 2028 2729 excudit,
2075 2661 2259 2716 reddit
2303 2658 2541 2734 Corpeto
2587 2653 2729 2717 teste
2766 2656 2967 2728 Quicbe·

710 2753 879 2800 ratnS.
929 2775 1008 2784 --
1055 2750 1094 2799 t.
1127 2751 1181 2798 et
1212 2750 1275 2813 t.,
1312 2738 1386 2798 ἓν
1426 2737 1525 2798 διὰ
1565 2739 1759 2798 δυοῖν.

879 2829 978 2886 49.
1058 2827 1348 2901 assumpsit
1390 2827 1522 2883 haec
1568 2827 1723 2882 verba
1757 2827 1922 2882 Varro
1960 2827 2275 2902 Menippeus
2318 2831 2370 2885 in
2403 2826 2747 2909 σκιαμαχίᾳ,
2790 2828 2867 2885 ubi
2896 2830 2965 2881 est

710 2931 811 2987 eqo
859 2918 910 2969 ei
954 2914 1154 2985 inquid
1194 2911 1285 2983 (ita
1331 2910 1704 2979 scribendum3
1762 2913 1814 2967 in
1861 2911 2038 2993 Bamb.
2083 2922 2139 2968 et
2184 2913 2356 2987 Lugd.
2416 2932 2526 2970 see.
2579 2916 2779 2990 legitur
2817 2914 2966 2970 enim·

711 3000 860 3070 quid,
905 2997 1034 3052 alias
1079 3000 1257 3068 inquit
1304 2996 1384 3051 vel
1415 2993 1631 3069 inquid)
1679 3013 1804 3052 eam
1834 3002 2151 3069 suppetiari,
2201 3002 2431 3071 quicum
2461 3000 2597 3056 mihi
2625 3016 2734 3057 nec
2763 3015 2850 3055 res
2875 3009 2966 3051 nec

710 3086 861 3137 ratio
907 3089 1008 3150 est,
1057 3077 1365 3136 dissociata
1412 3097 1595 3154 aeque
1640 3098 1714 3136 ae
1759 3081 2044 3153 nefanti'a.
2133 3082 2200 3138 ibi
2248 3084 2404 3138 etiam
2451 3086 2504 3139 in
2550 3084 2860 3141 membranis
2896 3085 2966 3135 est

709 3169 977 3223 dissociat
1024 3173 1214 3238 atque.
1268 3196 1339 3204 —
1386 3174 1624 3222 ceterum
1670 3165 1863 3221 statuit
1905 3165 2178 3222 Mereerus
2223 3166 2380 3223 verba
2425 3167 2614 3225 Lucilii
2659 3168 2965 3226 librariorum

627 3305 634 3311 .
710 3253 864 3325 culpa
910 3267 1187 3325 perperam
1233 3249 1408 3305 addita
1455 3250 1656 3306 ultimis
1706 3245 1957 3307 Varronis
2013 3260 2068 3307 et
2113 3253 2369 3308 omissum
2414 3262 2538 3308 ante
2594 3253 2762 3327 prima
2804 3252 2966 3309 lemma

711 3339 1029 3408 suppetias,
1075 3344 1229 3390 acute
1275 3334 1488 3408 quidem
1534 3334 1687 3406 illud,
1732 3334 1827 3391 sed
1875 3335 2000 3391 mibi
2048 3345 2106 3392 ut
2150 3336 2362 3393 videtur
2404 3339 2520 3393 sine
2565 3354 2743 3395 eausa.

882 3420 980 3478 50.
1054 3420 1123 3475 de
1154 3421 1442 3475 amantium
1472 3421 1599 3476 rixis
1633 3420 1720 3475 bic
1750 3428 1805 3475 et
1837 3420 1996 3492 frgm.
2030 3419 2110 3477 49
2141 3423 2228 3494 agi
2260 3421 2625 3480 manifestum.
2660 3453 2734 3464 ——
2776 3424 2966 3479 deierat

713 3506 1033 3579 perlectum.
1081 3536 1165 3546 —
1209 3521 1270 3561 se
1316 3506 1563 3567 scribse‚·
1618 3507 1690 3559 ita
1737 3503 2034 3562 observatis
2090 3523 2211 3562 cum
2255 3523 2384 3562 cura
2429 3507 2751 3580 exemplaris
2806 3503 2967 3580 optimi

713 3590 954 3659 vestigiis
999 3591 1436 3662 recuperavimus
1480 3605 1811 3662 pronomen,
1870 3606 1979 3664 quo
2034 3607 2198 3663 aegre
2253 3607 2494 3647 caremus
2541 3592 2646 3647 boc
2690 3591 2840 3662 loco,
2887 3604 2969 3644 nec

714 3675 887 3728 minus
960 3674 1215 3729 rariorem
1289 3674 1432 3730 verbi
1491 3673 1718 3729 formam
1776 3674 1979 3730 Lucilio
2041 3674 2395 3732 adseruimuS.
2456 3706 2530 3715 —
2595 3686 2650 3733 et
2697 3684 2825 3750 post
2873 3690 2969 3731 non

712 3760 1093 3829 scripturum.-
1137 3757 1523 3815 adsumendum
1569 3775 1633 3813 ex
1681 3758 1950 3831 prioribus
1994 3762 2228 3816 iuravit.

885 3841 982 3896 51.
1041 3845 1225 3898 salias
1254 3859 1297 3897 e.
1333 3860 1384 3915 q.
1417 3860 1493 3912 s.;
1540 3852 1765 3916 propter
1793 3843 2041 3900 dolorem
2071 3860 2135 3899 ex
2167 3846 2342 3901 mariti
2388 3844 2627 3901 moribus
2659 3854 2970 3920 conceptum.

885 3925 979 4001 52,
1042 3925 1171 3981 olim
1202 3925 1323 3981 libri
1359 3929 1530 3984 nostri
1555 3945 1649 4001 pg.
1677 3926 1754 3984 72
1786 3928 1941 3984 aliter
1971 3929 2076 3984 boc
2106 3930 2467 4003 fragmentum
2499 3931 2974 3987 instauraveramus.

713 4011 987 4069 fatendum
1035 4019 1209 4066 tamen
1254 4011 1412 4066 altius
1458 4013 1788 4086 introspecta
1835 4012 1986 4068 Nonii
2035 4014 2265 4070 stultitia
2310 4015 2478 4088 magis
2524 4014 2740 4088 placere
2783 4023 2973 4071 senten·

717 4098 842 4153 tiam
872 4095 1157 4167 Duebneri,
1203 4097 1295 4168 qui
1339 4111 1461 4152 eum
1510 4104 1567 4151 ut
1612 4096 1753 4152 baud
1798 4115 1920 4153 raro
1953 4098 2080 4153 alias
2112 4099 2164 4153 in
2196 4101 2495 4172 quantitate
2525 4099 2762 4173 syllabae
2792 4099 2972 4174 lapsum

715 4184 1014 4252 existimat,
1086 4188 1143 4235 ut
1197 4179 1368 4238 subst.
1428 4197 1548 4235 esse
1613 4190 1828 4254 putaret
1883 4182 2030 4256 quod
2086 4192 2200 4238 erat
2259 4183 2363 4240 adi.
2420 4212 2505 4223 —
2560 4190 2801 4241 ceterum
2856 4197 2972 4255 quo-

716 4284 832 4322 nam
866 4265 1025 4322 modo
1058 4267 1296 4338 potuerit
1327 4266 1541 4321 evenire
1572 4274 1633 4320 ιιι
1666 4265 1859 4323 Paulus
1892 4266 2239 4337 SchmidtiuS,
2289 4269 2366 4323 vir
2395 4268 2760 4338 doctissimus,
2804 4266 2965 4324 libello

716 4367 874 4422 quem
928 4350 994 4405 de
1050 4350 1205 4405 Nonii
1267 4349 1496 4406 Marcelli
1552 4350 1863 4408 auctoribus
1921 4354 2281 4426 grammaticis
2338 4353 2466 4408 satis
2526 4353 2879 4428 neglegenter
2927 4357 2974 4405 et
