3267 5075
1279 1054 1605 1131 LIBER
1677 1054 1733 1129 I.

1454 1250 1489 1315 1
1535 1273 1575 1315 a

541 1367 845 1434 Aetheris
892 1370 960 1433 et
1000 1371 1212 1432 terrae
1259 1367 1610 1452 genitabile
1658 1386 1963 1450 quaerere
2007 1368 2262 1450 tempus

924 1556 930 1561 .
963 1565 969 1572 ⁸
1342 1481 1411 1547 II
1461 1479 1595 1569 [17]
1646 1482 1688 1546 b

544 1601 689 1684 quis
733 1600 910 1685 leget
950 1598 1157 1665 haec?

1307 1686 1407 1751 ΠΙ
1458 1684 1590 1774 [16]
1644 1685 1724 1751 ο*

538 1805 662 1870 has
707 1802 855 1880 Aeli
902 1805 1176 1891 scriptas
1222 1825 1326 1868 res
1374 1803 1456 1868 ad
1500 1804 1566 1867 te
1613 1801 1890 1867 misimu'
1938 1801 2115 1867 Luci.

1219 1944 1315 2011 IV
1367 1942 1421 2032 [I
1468 1941 1682 2031 initio]
1724 1967 1815 2009 aa

543 2060 719 2127 Serv.
775 2062 857 2126 ad
913 2067 1053 2127 aenss
1100 2061 1173 2126 Χ·
1213 2061 1355 2126 104.
1446 2063 1623 2125 totus
1678 2060 1784 2125 hic
1839 2061 2020 2125 locus
2076 2059 2153 2124 de
2207 2059 2418 2146 primo
2465 2058 2670 2125 Lucili

346 2177 484 2264 (ita
539 2176 742 2242 Paris.
800 2179 835 2242 7
843 2178 1000 2261 9293
1056 2176 1339 2242 Lucilii
1393 2175 1624 2261 Regin.
1677 2174 1877 2260 1674)
1940 2176 2296 2240 translatus
2351 2179 2452 2240 est
2501 2175 2669 2240 libro

352 2292 521 2380 (om.
549 2290 769 2380 Reg.);
815 2292 929 2358 ubi
972 2292 1369 2357 inducuntur
1397 2291 1462 2355 di
1488 2291 1727 2356 habere
1758 2292 2101 2357 concilium
2130 2295 2196 2357 et
2241 2312 2431 2377 agere
2459 2291 2667 2377 primo

352 2409 439 2474 de
479 2409 751 2473 interitu
776 2407 946 2494 Lupi
984 2408 1315 2473 cuiusdam
1352 2407 1531 2471 ducis
1570 2404 1692 2493 (ita
1718 2406 1881 2492 Par„
1918 2428 2041 2471 om.
2070 2407 2248 2493 Reg„
2285 2406 2546 2492 quidam
2573 2407 2669 2471 in-

355 2528 512 2611 epte
566 2521 890 2609 iudicis)
945 2524 1016 2589 in
1061 2523 1391 2609 republica
1437 2520 1558 2609 (ita
1609 2523 1833 2610 vulgo3
1887 2524 1970 2588 in
2016 2546 2165 2609 rep.
2213 2545 2336 2588 om.
2381 2521 2545 2608 Par„
2589 2524 2669 2588 in

310 2700 323 2709 ,
355 2641 594 2705 rebus
631 2637 840 2727 Reg.)‚
884 2644 1112 2726 postea
1159 2611 1529 2704 sententias*
1554 2639 1792 2724 dicere3
1831 2640 1943 2704 sed
1979 2640 2102 2705 hoc
2140 2640 2291 2724 quia
2328 2640 2668 2726 indignum

360 2759 511 2823 erat
552 2756 753 2822 heroo
802 2756 1084 2821 carmine
1130 2756 1423 2821 mutavit.

1140 2870 1204 2936 V
1253 2868 1421 2958 [test.
1469 2894 1530 2957 p.
1584 2868 1733 2959 179]
1784 2871 1873 2955 β*
1983 2932 1985 2936 ,

539 2987 716 3052 Lact.
761 2987 911 3052 inst.
959 2986 991 3051 I
1038 2987 1098 3071 9,
1145 2988 1184 3051 8
1233 2987 1385 3072 quid
1433 2990 1506 3052 tu
1515 3038 1533 3071 ‚
1588 2987 1839 3071 inquiet
1884 2987 2142 3072 aliquis,
2195 2987 2487 3071 poetisne
2536 3009 2666 3053 cre-

360 3103 648 3169 dendum
692 3102 931 3187 putas?
979 3103 1204 3187 quidni
1231 3102 1499 3188 putem?
1545 3124 1682 3167 non
1728 3102 1901 3167 enim
1929 3101 2213 3167 Lucilius
2242 3099 2551 3187 (Lucius
2579 3101 2665 3189 B>

493 3281 523 3331 1
559 3282 735 3331 Varro
760 3280 811 3330 d.
846 3279 885 3330 1.
917 3280 955 3331 1.
984 3282 1050 3343 V,
1081 3282 1144 3331 17
1181 3297 1215 3330 a
1241 3295 1351 3345 qua
1385 3281 1651 3346 bipartita
1677 3279 1947 3331 divisione
1984 3277 2061 3344 (h.
2093 3294 2142 3332 e.
2172 3295 2205 3329 a
2224 3278 2378 3331 caelo
2407 3283 2464 3330 et
2487 3282 2663 3339 terra)

354 3347 681 3399 Lucilius
721 3345 824 3411 (ita
861 3347 1004 3402 Scal.
1044 3348 1114 3398 ad
1151 3349 1303 3399 Fest.
1339 3365 1390 3415 p.
1420 3352 1520 3400 313
1546 3364 1587 3399 s.
1618 3365 1669 3400 ν.
1733 3347 2089 3410 Oufentinae‚
2124 3346 2480 3398 Lucretius
2517 3346 2664 3414 cdd.)

354 3431 582 3466 suorum
616 3417 859 3481 quinque
904 3414 1008 3480 (ita
1043 3416 1251 3466 Lchm..
1286 3431 1479 3466 unum
1516 3416 1693 3479 Flor.,
1728 3416 1925 3466 unius
1961 3412 2039 3479 v.)
2076 3419 2134 3464 et
2164 3414 2368 3480 viginti
2402 3415 2662 3467 librorum

352 3484 578 3534 initium
604 3482 742 3534 fecit
767 3485 884 3538 hoc.
989 3483 1045 3534 11
1081 3483 1250 3534 schol.
1269 3484 1448 3534 Persii
1475 3485 1542 3535 ad
1560 3486 1587 3535 Ι
1606 3486 1638 3534 2
1664 3484 1814 3549 quis
1849 3481 2037 3548 leget
2062 3481 2424 3547 haec:,hunc
2450 3499 2664 3535 versum

354 3551 426 3602 de
462 3551 716 3601 Lucilii
754 3551 973 3613 (Lucii
996 3550 1210 3602 Monac.
1243 3550 1428 3615 14482)
1467 3553 1639 3617 primo
1664 3549 1952 3602 transtulit
1988 3550 2133 3615 (post
2167 3550 2224 3600 in
2247 3550 2395 3602 Mon.
2422 3552 2662 3616 spatium

356 3622 623 3684 quattuor
663 3619 782 3670 fere
819 3620 1124 3669 litterarum
1160 3618 1379 3685 vacat);
1425 3624 1483 3670 et
1528 3619 1800 3669 humanae
1854 3618 2005 3668 vitae
2061 3618 2201 3668 vitia
2249 3619 2545 3684 increpans
2592 3621 2663 3670 ab

357 3686 730 3738 admiratione
768 3687 980 3753 incipit.
1120 3686 1206 3736 III
1251 3692 1401 3738 auct.
1438 3687 1509 3737 ai
1542 3687 1789 3738 Herenn.
1825 3686 1903 3736 IV
1942 3687 2022 3749 12,
2062 3685 2126 3735 18
2161 3687 2448 3738 verborum
2484 3691 2664 3738 trans·

356 3755 659 3805 iectionem
703 3755 1029 3818 vitabimuS,
1075 3754 1184 3804 nisi
1227 3770 1369 3820 quae
1419 3757 1525 3805 erit
1570 3755 1868 3817 concinna,
1916 3768 2025 3818 qua
2070 3754 2137 3804 de
2180 3769 2236 3804 re
2271 3755 2549 3819 posterius
2586 3756 2664 3806 lo-

358 3835 603 3887 quemur.
687 3837 791 3886 quo
846 3824 905 3872 in
940 3822 1077 3873 vitio
1114 3826 1200 3873 est
1233 3823 1542 3873 Lucilius
1590 3820 1924 3887 (Lucilius
1980 3820 2065 3876 ed.
2113 3820 2485 3884 Cratandrea,
2542 3823 2662 3872 cdd.

359 3889 628 3953 Uelius,
674 3889 986 3953 Caelina,
1036 3888 1341 3955 Coelius,
1391 3887 1773 3954 Caecilius)
1820 3888 2107 3953 adsiduus,
2161 3894 2224 3939 ut
2278 3890 2419 3940 haec
2473 3895 2558 3940 est
2604 3891 2663 3940 in

356 3958 596 4023 primore
635 3957 739 4020 (ita
762 3957 948 4009 Lchm.
983 3973 1224 4024 prooem.
1262 3958 1392 4010 lect.
1427 3963 1565 4010 aest.
1602 3959 1755 4009 univ.
1791 3956 1973 4009 Berol.
2009 3973 2062 4007 a.
2103 3958 2233 4008 1849
2269 3974 2321 4024 p.
2347 3959 2397 4021 5,
2434 3958 2662 4024 priore

530 4136 568 4194 3
615 4136 710 4193 has
756 4136 874 4193 Aeli
930 4138 1160 4211 scriptas
1213 4154 1302 4193 res
1358 4137 1422 4193 ad
1478 4143 1534 4192 te
1588 4136 1821 4194 misimu’
1865 4135 1995 4192 Luci
2040 4135 2123 4207 M,
2178 4136 2233 4192 h.
2280 4152 2325 4191 r.
2374 4152 2420 4191 a.
2471 4143 2510 4192 t.
2556 4152 2661 4192 scr.

357 4222 421 4278 L.
469 4238 542 4278 m.
589 4220 683 4277 Ae.
732 4223 859 4279 cdd.
905 4223 1173 4296 plerique
1183 4247 1204 4286 ;
1247 4240 1361 4280 non
1407 4223 1556 4279 nulli
1596 4222 1904 4292 emisimus;
1961 4219 2109 4277 Coeli
2149 4238 2262 4294 pro
2307 4220 2423 4276 Aeli
2465 4221 2660 4278 Paris.

360 4305 516 4375 7233
573 4307 806 4380 quidam
858 4307 996 4364 libri
1037 4305 1117 4363 Eli
1171 4309 1260 4365 vel
1314 4305 1449 4363 Heli.
1540 4306 1592 4362 h.
1641 4305 1703 4364 L.
1760 4323 1803 4364 r.
1861 4323 1907 4364 a.
1967 4311 2006 4361 t.
2062 4321 2170 4362 scr.
2215 4322 2286 4361 m.
2331 4305 2426 4362 Ae.
2471 4306 2660 4362 Lach-

361 4407 627 4448 mamms.
1412 4433 1419 4438 .
2433 4401 2464 4429 ·

479 4486 526 4533 C.
554 4488 707 4531 Luem
734 4490 873 4532 satur.
902 4487 980 4530 rel.
2204 4492 2231 4543 1
