3267 5075
649 360 784 421 280
1406 353 1507 408 Ex
1543 352 1779 408 LIBRIS
1817 351 2176 408 INCERTIS.
2218 353 2229 363 '

645 523 830 580 Lucilii
878 531 1050 579 aetate
1096 540 1156 579 ea
1203 522 1312 577 fera
1356 520 1598 578 nondum
1648 522 1756 576 visa
1803 528 1920 581 erat
1971 519 2185 576 Romae.
2277 521 2349 575 ita
2394 520 2767 592 rhinocerotis,
2816 520 2891 595 qui

646 610 804 664 etiam
849 608 1089 664 Caesaris
1133 606 1411 663 dictatoris
1458 614 1702 679 tempore
1745 606 1800 661 in
1850 603 2037 661 urbem
2081 613 2166 660 est
2209 604 2462 661 advectus
2508 606 2749 679 primuni,
2803 622 2894 660 me·

646 694 799 749 minit
832 692 992 748 idem.
1041 721 1122 733 —-
1166 693 1484 766 pantheram
1515 708 1544 745 a
1574 689 1781 764 pardali
1813 706 1923 745 non
1955 689 2300 764 distinguunt
2328 696 2556 745 veteres.
2615 688 2765 744 Varro
2793 688 2836 744 d.
2864 689 2895 743 l.

645 777 702 831 L.
738 777 801 849 V,
834 776 916 835 20
960 780 1216 834 camelus
1245 793 1349 834 suo
1380 779 1605 833 nomine
1637 774 1884 848 Syriaco
1915 778 1972 830 in
2004 773 2228 831 Lutium
2259 777 2432 847 venit,
2464 780 2525 831 ut
2556 774 2896 831 Alexandrea

647 863 1134 934 camelopardalis
1178 877 1367 935 nuper
1412 861 1695 929 adducta,
1756 860 1910 934 quod
1962 866 2090 915 erat
2143 862 2337 933 fiqura
2384 866 2447 916 ut
2491 862 2760 930 camelus,
2798 876 2897 914 ma-

648 950 795 1003 culis
838 954 899 1004 ut
939 944 1254 1018 panthera.
1315 976 1391 985 -—-
1444 944 1995 1017 pantherocamelus
2049 951 2200 1000 extra
2245 942 2489 1000 ordinem
2545 942 2899 1018 alphabeticum

649 1040 708 1087 ut
753 1031 832 1088 87
880 1037 1176 1104 aquantur
1220 1048 1264 1086 ε.
1314 1048 1360 1086 ν.
1410 1033 1723 1102 copiuntur
1765 1038 1821 1084 et
1865 1027 2052 1084 similia
2092 1028 2307 1102 passim.

816 1114 914 1172 49.
990 1123 1116 1170 nota
1162 1114 1309 1188 quod
1354 1130 1648 1189 permagna
1693 1128 1815 1186 pars
1856 1112 2283 1187 fragmentorum
2330 1113 2449 1168 sine
2493 1112 2614 1170 libri
2641 1129 2843 1169 numero
2877 1130 2902 1166 a

650 1199 822 1255 Nonio
855 1199 1138 1255 allatorum
1171 1215 1307 1273 quae
1339 1198 1652 1272 dactylicam
1686 1198 1883 1253 babent
1913 1213 2220 1253 mensuram
2250 1207 2332 1253 est
2363 1214 2427 1254 ex
2458 1215 2577 1273 cap.
2607 1197 2692 1261 1113
2732 1198 2782 1253 in
2809 1213 2901 1270 quo

647 1299 823 1356 neque
868 1283 999 1338 XXX
1045 1281 1238 1340 librum
1286 1299 1538 1357 umquam
1586 1280 1827 1338 adhibuit
1870 1289 1925 1339 et
1969 1298 2092 1337 raro
2138 1298 2234 1338 eos
2281 1283 2371 1355 qui
2429 1291 2560 1338 sunt
2603 1300 2630 1337 a
2671 1281 2810 1339 XXVl
2849 1280 2904 1336 ad

818 1454 1237 1515 canalicutam;
1283 1468 1474 1508 vereor
1503 1468 1571 1508 ne
1601 1452 1804 1508 Nonius
1837 1453 1994 1507 etiam
2043 1452 2145 1509 hoc
2186 1451 2307 1508 loco
2339 1450 2533 1508 solitae
2563 1453 2635 1508 sit
2660 1467 2905 1507 arcessen-

648 1536 749 1592 dus
788 1536 1084 1603 stultitiae,
1131 1533 1305 1610 ue'que
1336 1536 1477 1605 enim
1510 1534 1766 1592 abhorret
1798 1553 1825 1590 a
1859 1535 2234 1609 probabilitate
2273 1536 2337 1591 ad
2370 1534 2626 1592 Lucilium
2658 1533 2904 1592 referenda

651 1638 787 1695 quae
818 1628 1065 1695 prostant
1111 1620 1252 1694 apud
1283 1620 1503 1676 Paulum
1535 1620 1617 1676 45
1665 1623 2029 1677 canalicoIae
2064 1622 2336 1694 forenses
2364 1622 2617 1678 homines
2640 1634 2908 1694 pauperes

647 1708 799 1776 dicti,
848 1707 1002 1780 quod
1041 1710 1205 1762 circa
1251 1707 1491 1762 canales
1530 1705 1657 1777 fori
1698 1706 2098 1762 subsisterent.

817 1790 934 1848 5o.-
1002 1799 1193 1863 guttur
1251 1789 1544 1846 masculino
1606 1806 1808 1864 genere
1863 1791 2100 1863 positum
2160 1789 2365 1861 Naevii,
2424 1789 2629 1867 Plauti,
2685 1788 2909 1845 Varronis

648 1875 904 1950 exemplis
948 1875 1182 1932 adstruit
1224 1875 1444 1931 Nonius,

735 1958 744 1965 ’
820 1958 918 2015 52.
1008 1960 1183 2035 ‘pater
1239 1959 1489 2015 lubenter
1558 1959 1786 2033 legisset
1849 1958 2164 2032 limporem,
2233 1960 2336 2015 nisi
2402 1958 2562 2015 verba
2622 1958 2771 2015 Nonii
2823 1957 2911 2012 alio

648 2051 923 2117 spectasse
969 2044 1299 2101 viderentur.
1375 2053 1436 2099 ut
1479 2045 1618 2100 enim
1666 2042 1903 2118 liquidus
1949 2060 1977 2097 a
2008 2043 2243 2118 liquore,
2289 2045 2367 2100 sie
2409 2043 2683 2117 limpidum
2728 2060 2754 2097 a
2796 2042 2911 2116 lym·

648 2143 782 2200 pore
815 2124 1118 2185 'etiamnum
1164 2131 1216 2185 in
1264 2146 1365 2184 usu
1413 2126 1684 2185 veteribus
1730 2127 1898 2185 fuisse
1942 2128 2319 2184 existimabat!
2408 2128 2601 2184 [lousa.

820 2211 920 2270 53.
993 2215 1214 2286 quibus,
1263 2211 1588 2269 hominibus

821 2295 920 2353 55.
988 2297 1120 2353 illud
1153 2305 1418 2355 ruentum
1450 2298 1652 2371 pariter
1682 2297 1748 2354 ad
1780 2300 1955 2354 omnia
1988 2297 2319 2353 substantiva
2350 2298 2606 2371 pertinet.
2648 2328 2730 2339 —-
2773 2296 2914 2370 vulgo

649 2379 906 2438 scribitur
949 2398 1105 2438 saxa
1150 2390 1205 2438 et
1249 2383 1467 2439 stridor
1511 2382 1608 2438 ubi
1650 2386 2014 2456 nequierunt,
2063 2391 2177 2439 tum
2207 2383 2410 2439 sibilus
2452 2385 2656 2447 instat:
2705 2380 2836 2456 quod
2865 2388 2915 2435 ut

651 2466 882 2540 synizesi
929 2475 1011 2522 est
1059 2467 1356 2542 inelegans,
1401 2468 1475 2522 ita
1518 2482 1684 2522 sensu
1728 2484 1959 2523 cassum.

823 2567 922 2627 56.
1002 2572 1093 2643 qui
1142 2569 1313 2625 voluit
1358 2571 1550 2644 reponi
1595 2570 1730 2626 illud
1774 2571 1969 2627 Livius
1999 2571 2363 2628 Andronicus
2407 2588 2508 2645 pro
2540 2572 2787 2629 Lucilius
2818 2569 2914 2625 An·

653 2656 891 2711 dronius
935 2654 1142 2726 lunius,
1187 2670 1296 2711 non
1328 2654 1702 2712 animadvertit
1747 2671 1962 2728 semper
1992 2655 2219 2727 Livium,
2264 2671 2554 2730 numquam
2582 2655 2915 2712 Andronicum

654 2739 874 2794 vocitari
918 2757 946 2795 a
989 2738 1161 2796 Nonio
1206 2738 1381 2809 illum,
1426 2737 1606 2794 addito
1656 2738 1733 2794 bis
1769 2738 1913 2809 207,
1960 2739 2070 2807 29;
2117 2739 2262 2812 368,
2295 2738 2375 2797 25
2421 2740 2592 2813 ipsius
2634 2740 2712 2797 vel
2756 2739 2915 2814 potius

650 2822 991 2881 librariorum
1038 2823 1383 2898 neglegentia
1440 2825 1787 2897 praenomine
1834 2824 1956 2884 Titi.
2008 2855 2081 2863 —-
2128 2828 2276 2897 leuet
2330 2826 2365 2881 i.
2415 2843 2463 2881 e.
2515 2829 2817 2898 surripiet,
2868 2828 2918 2876 ut

652 2907 773 2964 alibi
819 2913 1008 2966 omnia
1057 2911 1300 2966 vescatis
1345 2909 1606 2965 manibus
1648 2911 1796 2982 leyet
1840 2916 1896 2964 et
1938 2908 2131 2965 similia
2176 2910 2391 2984 passim.

821 2993 920 3051 57.
999 3009 1171 3050 voras
1214 2995 1246 3048 i.
1281 3011 1327 3048 e.
1376 3010 1620 3054 vorans;
1665 2993 1733 3048 cl'.
1782 2993 2053 3050 Bitschelii
2085 3011 2273 3068 opusc.
2307 2993 2440 3067 phil.
2473 2992 2537 3065 ll,
2567 2994 2720 3076 7153
2764 2993 2916 3048 Bram-

654 3075 824 3133 bachii
870 3077 934 3132 de
980 3078 1232 3152 orthogr.
1267 3078 1357 3135 lat.
1391 3078 1511 3134 libri
1545 3077 1687 3135 267.
1736 3107 1819 3120 -—-
1862 3078 2162 3150 interlici’;
2208 3078 2279 3135 cl'.
2324 3078 2548 3151 xxvttt,
2581 3079 2663 3137 30
2697 3080 2916 3152 piscium

653 3180 918 3236 maynam
963 3170 1135 3236 atque
1180 3165 1420 3220 altilium
1466 3167 1571 3221 vim
1615 3164 1978 3236 interfecisti.

822 3247 924 3305 58.
983 3264 1238 3320 rursum,
1264 3247 1372 3325 ‚alii
1415 3264 1664 3305 sursum.

825 3332 923 3387 61.
980 3334 1269 3404 depuvere
1315 3327 1446 3406 (sive
1476 3332 1771 3404 depuvire)
1814 3341 1872 3388 ut
1905 3335 2171 3406 obpuviat
2201 3332 2355 3406 (sive,
2388 3344 2447 3390 ut
2477 3333 2679 3408 placuit
2706 3331 2917 3398 baceno,

655 3416 925 3488 obpuvit),
970 3419 1123 3472 cuius
1172 3418 1412 3474 meminit
1456 3416 1658 3473 formae
1704 3416 1900 3473 Paulus
1937 3418 2083 3475 191:
2131 3419 2400 3490 obpuviat
2433 3421 2719 3489 verberat,
2763 3436 2796 3472 α
2824 3431 2917 3487 pu-

659 3503 853 3557 riendo
898 3503 958 3557 itt
999 3510 1083 3559 est
1122 3502 1408 3574 feriendo.
1502 3504 1654 3559 unde
1693 3506 1887 3574 pueri,
1932 3505 2085 3577 quod
2122 3504 2409 3575 paviendo
2453 3510 2810 3561 coercentur.

795 3586 924 3648 ,61.
1000 3584 1347 3658 proverbialis
1397 3586 1591 3655 dictio,
1655 3599 1715 3642 ut
1769 3586 1909 3661 apud
1967 3587 2146 3644 Gallos
2200 3590 2260 3644 la
2320 3604 2500 3645 sance
2561 3595 2695 3645 vaut
2748 3589 2918 3642 mieux

656 3685 765 3742 que
809 3673 864 3726 le
901 3673 1167 3741 poisson;
1216 3673 1327 3727 sive
1372 3670 1512 3745 apud
1560 3673 1852 3728 Germanos
1896 3675 1987 3729 die
2032 3674 2248 3729 bruelze
2292 3675 2366 3728 ist
2407 3689 2678 3746 yroesser
2719 3674 2803 3727 als
2841 3670 2918 3724 die

660 3755 932 3811 broc-ken.

827 3839 924 3895 62.
1002 3836 1158 3894 verba
1188 3839 1376 3896 Lucilii
1420 3842 1483 3897 ad
1531 3842 1744 3897 vilicum
1791 3844 2048 3916 mancipia
2093 3851 2423 3916 empturum.
2470 3872 2554 3883 -—
2598 3836 2916 3916 ἔμπλευρον,

657 3923 810 3979 bonis
854 3921 1113 3979 lateribus
1158 3924 1471 3998 praeditam,
1518 3926 1711 3999 quibus
1757 3942 1884 3981 sane
1931 3943 2086 4001 quam
2135 3928 2358 3983 maxime
2403 3943 2540 4001 opus
2587 3923 2880 4001 pistoribus.

828 4008 925 4067 63.
1004 4025 1160 4065 nunc
1206 4011 1285 4064 ad
1326 4017 1379 4065 te
1425 4012 1628 4075 raico,-
1678 4010 1805 4067 Hor.
1852 4019 1951 4067 sat.
2002 4011 2038 4083 l,
2087 4012 2146 4084 6,
2186 4010 2264 4069 43
2323 4028 2476 4069 nunc
2523 4013 2603 4068 ad
2644 4025 2726 4067 me
2767 4007 2917 4064 redeo

655 4096 918 4151 libertino
960 4101 1134 4165 patre
1181 4102 1396 4151 natum.
1459 4125 1540 4135 —
1596 4112 1683 4151 me
1728 4098 1994 4168 inpendet
2008 4121 2024 4159 ,·
2081 4097 2153 4152 ita
2208 4095 2341 4153 (lixit
2387 4096 2669 4152 Terentius
2723 4094 2915 4149 Phorm-

657 4179 695 4249 l,
729 4178 786 4249 4,
823 4179 859 4235 2
907 4187 1070 4236 tanta
1117 4187 1170 4235 te
1213 4180 1525 4252 inpendent
1569 4182 1756 4245 malu;
1802 4188 1855 4237 et
1900 4179 2183 4237 Lucretius
2229 4182 2369 4251 (nam
2416 4181 2652 4237 dativum
2696 4194 2806 4235 esse
2847 4175 2916 4228 vix

658 4262 838 4333 credo)
886 4264 924 4337 l,
970 4264 1092 4322 326
1152 4280 1256 4321 nec
1311 4282 1471 4322 mare
1528 4281 1680 4337 quae
1734 4268 2044 4339 inpendent
2100 4282 2267 4323 vesco
2321 4268 2447 4323 sate
2502 4282 2656 4322 sexa
2709 4275 2914 4335 peresa·

659 4347 889 4403 Lucilius
934 4347 1056 4404 alibi
1101 4351 1445 4407 accumbere
1490 4365 1742 4407 mensam
1787 4352 1928 4407 sicut
1973 4359 2026 4407 et
2060 4352 2280 4420 Accius;
2328 4351 2397 4407 ct'.
2446 4350 2606 4408 etiam
2652 4348 2820 4406 Lclnu.
2852 4339 2916 4397 ad
