3267 5075
700 429 833 493 294
1378 428 1831 483 TESTIMONIA
1869 429 1964 482 DE
2004 427 2314 483 LUCILIO.

703 615 963 654 sermone
1011 601 1192 668 tristi,
1252 597 1303 651 iel
1351 605 1434 652 cst
1486 612 1711 666 severe,
1756 597 1928 665 serio,
1990 596 2081 668 qui
2129 594 2218 652 ubi
2264 596 2452 651 iocoso
2496 602 2621 668 apte
2667 602 2752 651 est
2796 597 2976 651 mixtus

701 686 816 756 ipsa
869 684 1125 739 varietate
1169 681 1397 737 multum
1452 697 1579 736 sane
1624 679 1773 735 addit
1817 680 2048 735 orationi
2094 679 2316 753 leporiS.
2359 710 2444 720 —
2492 682 2668 737 vicem
2714 681 2977 743 rhetoris,-

703 785 830 824 sane
884 768 1166 823 rhetorum
1220 764 1569 822 artificiorum
1627 765 1805 819 minus
1859 763 2027 820 fuisse
2095 763 2399 820 studiosum
2454 763 2721 821 Lucilium
2781 773 2981 839 apparet

705 851 823 908 libri
839 849 898 906 'V
928 851 1037 926 frg.
1074 851 1133 908 6.
1176 882 1258 891 -
1306 856 1478 923 atque
1504 856 1744 920 poetae,·
1788 849 1913 904 hinc
1943 847 2202 923 probatur
2232 848 2512 906 Horatium
2548 851 2766 905 minime
2796 851 2978 923 astipu-

705 937 867 992 latum
914 952 1034 992 esse
1078 940 1157 993 eis
1203 937 1294 1009 qui
1338 941 1601 1008 negarent
1644 935 1846 989 iustum
1892 950 2011 989 esse
2042 950 2230 1006 poema
2260 940 2515 1005 saturam,
2561 934 2708 989 unde
2752 941 2809 990 et
2835 951 2976 1008 supra

703 1020 857 1092 «licit,
901 1022 946 1076 si
991 1020 1129 1076 sales
1164 1020 1271 1076 soli
1302 1017 1574 1076 sufficiant
1617 1017 1684 1073 ad
1715 1034 1907 1092 poema
1938 1017 2261 1090 iaciendum,
2307 1017 2468 1075 licere
2499 1026 2555 1074 et
2583 1017 2779 1074 Laberi
2810 1020 2976 1074 mimos

706 1114 765 1160 ut
810 1106 1033 1179 pulchra
1079 1111 1326 1180 poemata
1369 1120 1471 1159 nos
1515 1104 1713 1158 mirari.
1759 1133 1843 1142 —
1898 1104 2183 1159 interdum
2227 1086 2472 1165 moab&
2525 1104 2699 1177 igitur
2747 1103 2976 1159 Horatius

707 1198 869 1264 negat
913 1189 1029 1245 sola
1075 1189 1395 1260 urbanitate,
1440 1188 1545 1244 hoc
1588 1195 1674 1243 est
1705 1188 2001 1243 imitatione
2044 1188 2309 1243 sermonis
2336 1189 2614 1244 hominum
2648 1187 2977 1257 urbanorum,

706 1292 810 1348 qua
856 1274 1147 1347 plurimum
1195 1273 1358 1329 valuit
1401 1272 1677 1344 Lucilius,
1732 1277 1970 1327 saturam
2028 1288 2188 1345 posse
2242 1281 2512 1329 constare.
2564 1304 2640 1312 —
2693 1276 2980 1345 parcentis

708 1361 923 1415 viribus
965 1368 1096 1422 etc.;
1143 1357 1432 1432 exprobrat
1475 1355 1680 1413 Lucilio
1726 1373 1904 1429 neque
1946 1357 2216 1412 immerito
2248 1358 2486 1413 nescisse
2530 1374 2655 1413 eum
2687 1374 2896 1413 manum
2922 1356 2977 1411 de

710 1442 886 1498 tabula
932 1442 1144 1499 tollere.
1191 1474 1268 1482 —
1320 1441 1419 1499 14.
1470 1440 1562 1498 15.
1632 1443 1933 1498 ridiculum
1980 1444 2113 1497 acri
2152 1441 2371 1513 fortius
2415 1447 2469 1498 et
2513 1446 2718 1499 melius
2760 1457 2978 1517 maynas

706 1530 1048 1601 plerumque
1103 1534 1265 1584 secat
1321 1543 1449 1590 res‚·
1504 1529 1669 1597 acri,
1724 1527 1756 1581 i.
1804 1541 1853 1582 e.
1912 1544 2083 1599 quam
2141 1541 2299 1584 aere.
2388 1528 2570 1600 itaque
2626 1534 2850 1601 apparet
2896 1528 2977 1580 mi·

709 1614 848 1668 nime
902 1611 1037 1668 illud
1092 1612 1300 1669 crimini
1357 1611 1474 1666 dari
1527 1609 1764 1682 Luciliu,
1829 1610 1977 1684 quod
2043 1612 2263 1671 nimium
2321 1611 2601 1685 gravitatis
2667 1613 2743 1667 sit
2797 1611 2976 1667 oblitus

710 1699 763 1752 in
830 1695 1187 1765 carminibus;
1261 1705 1317 1753 et
1387 1697 1673 1770 insurgere
1737 1711 1861 1750 eum
1918 1695 2189 1752 interdum
2247 1695 2407 1752 altius
2465 1712 2630 1770 supra
2689 1696 2976 1752 memoravi.

711 1781 857 1854 quod
919 1797 1040 1837 cum
1109 1783 1181 1837 ita
1241 1782 1345 1853 sit,
1410 1781 1589 1836 verius
1656 1778 2017 1836 incusabimus
2076 1779 2336 1836 Lucilium
2398 1780 2543 1855 quod
2593 1798 2725 1862 ,non
2791 1796 2981 1854 semper

709 1872 833 1940 apte
887 1867 1179 1922 inseruerit
1237 1867 1391 1921 triste
1448 1870 1612 1938 atque
1656 1881 1778 1921 acre
1831 1866 2019 1922 iocoso
2066 1872 2123 1921 et
2175 1864 2433 1936 ridicule,
2489 1882 2652 1939 quam
2698 1866 2840 1939 quod
2882 1881 2978 1921 om·
3078 1894 3085 1899 -

712 1952 840 2006 nino
908 1967 1017 2007 non
1081 1949 1405 2006 adhibuerit.
1461 1978 1546 1989 —
1600 1947 1702 2006 20.
1762 1948 1860 2005 21.
1929 1956 1990 2006 at
2046 1967 2312 2022 maynum
2371 1950 2550 2024 feeit,
2613 1952 2768 2023 quod
2816 1951 2981 2008 verbis

707 2050 925 2108 yraeea
968 2037 1168 2092 latinis
1211 2037 1467 2097 miscuit,-
1510 2033 1830 2089 Graecarum
1863 2051 2054 2090 vocum
2084 2033 2489 2109 dictionumque
2534 2033 2765 2091 abusufn
2806 2035 2975 2091 rectis·

708 2121 842 2174 sime
895 2119 1100 2175 Lucilio
1156 2118 1445 2194 exprobrat
1500 2117 1756 2187 Flaccus;
1815 2135 1938 2173 nam
1991 2119 2193 2174 frustra
2248 2118 2418 2175 fuisse
2473 2121 2567 2193 qui
2624 2119 2862 2177 dicerent
2899 2135 2975 2174 cas

711 2220 822 2259 non
867 2202 1130 2259 adhibitas
1175 2203 1238 2259 ab
1282 2203 1415 2275 illo,
1461 2204 1566 2258 nisi
1616 2209 1679 2258 ut
1724 2205 2053 2277 tragicorum
2098 2211 2380 2277 poetarum
2423 2203 2741 2261 Latinorum
2792 2203 2976 2261 affecta·

713 2290 915 2344 tionem
948 2290 1291 2363 graecanicae
1315 2288 1590 2344 doctrinae
1618 2287 1888 2360 irrideret,
1918 2288 2078 2362 plene
2099 2289 2205 2344 iam
2229 2288 2503 2363 apparebit
2530 2288 2772 2345 editione
2795 2296 2975 2345 nostra.

711 2373 957 2446 equidem
1002 2375 1187 2448 potius
1231 2374 1421 2447 partim
1481 2380 1541 2428 ut
1597 2374 1714 2446 ipse
1759 2381 2061 2429 ostentaret
2110 2373 2355 2448 peritiam
2382 2372 2728 2434 ,Graecorum
2772 2375 2973 2447 scripto·

710 2475 831 2513 rum
877 2475 977 2513 nec
1021 2459 1196 2513 minus
1241 2473 1429 2513 versus
1475 2456 1727 2531 explendi
1784 2456 1896 2512 (lira
1942 2459 2264 2514 necessitate
2309 2457 2600 2514 adductum
2649 2460 2886 2515 existimo
2925 2465 2974 2512 ut

712 2545 1007 2617 ingenuum
1052 2559 1356 2600 sermonem
1389 2543 1613 2598 latinum
1646 2550 1752 2598 tam
1793 2559 1955 2617 saepe
1986 2545 2374 2600 contaminaret
2404 2545 2742 2618 interpositis
2774 2543 2972 2619 graecis.

711 2635 767 2683 et
810 2627 1091 2684 Horatium
1138 2627 1354 2702 quidem
1412 2644 1438 2682 a
1485 2625 1681 2683 talibus
1738 2645 1965 2701 prorsus
2024 2627 2348 2684 abstinuisse
2391 2636 2639 2700 constat,
2694 2647 2793 2686 nec
2841 2628 2975 2684 aliter

710 2712 975 2784 Persium,
1021 2712 1162 2786 apud
1208 2729 1367 2786 quem
1414 2713 1590 2767 minus
1637 2721 1784 2768 recte
1830 2712 2006 2768 fertur
2048 2713 2191 2787 prol.
2238 2712 2276 2770 8
2334 2718 2463 2786 quis
2518 2715 2810 2787 expedivit
2855 2715 2972 2785 psit·

713 2806 845 2854 laco
888 2813 1053 2854 suum
1096 2799 1262 2873 χαῖρε
1307 2814 1407 2872 pro
1439 2797 1675 2868 chaere,
1720 2813 1831 2852 non
1863 2799 2083 2853 omnino
2112 2797 2433 2854 Iuvenalem.
2482 2829 2569 2839 —
2610 2807 2845 2855 ceterum
2873 2799 2972 2854 lon·

712 2884 835 2956 gius
880 2899 1204 2957 progressus
1250 2883 1521 2937 Ausonius
1567 2881 1801 2937 fortasse
1845 2890 1900 2938 et
1944 2882 2063 2953 hic,
2112 2890 2170 2938 ut
2215 2882 2338 2939 alibi
2382 2884 2437 2939 in
2482 2885 2674 2955 tmesi,
2735 2900 2797 2950 ex
2840 2898 2970 2957 prava

712 2967 1009 3023 imitatione
1064 2966 1250 3022 Lucilii
1304 2983 1493 3041 parum
1562 2968 1770 3041 cogniti
1825 2968 1926 3040 ipsi
1983 2967 2216 3041 epistula
2270 2967 2359 3024 Xll
2417 2969 2648 3042 primum
2716 2966 2973 3043 proposuit

713 3051 1015 3124 exemplum
1063 3053 1241 3126 poesis
1287 3050 1668 3107 macaronicae.
1714 3082 1796 3091 —
1842 3051 1974 3107 nihil
2019 3059 2198 3107 autem
2243 3051 2308 3107 ad
2353 3052 2504 3124 illud,
2554 3041 2701 3126 quod
2747 3051 2970 3108 Horatius

714 3135 918 3191 Lucilio
966 3137 1127 3191 vertit
1170 3137 1410 3207 crimini,
1460 3137 1698 3210 pertinet
1744 3153 1860 3192 mos
1904 3137 2132 3192 satiricis
2175 3138 2379 3211 pariter
2421 3144 2585 3210 atque
2631 3138 2844 3194 comicis
2883 3135 2970 3190 fre·

714 3229 1026 3294 quentatuS,
1072 3237 1231 3294 quem
1277 3221 1542 3276 sermonis
1587 3220 1837 3277 cotidiani
1884 3220 2114 3277 imitatio
2164 3223 2408 3296 peperit,
2468 3220 2724 3278 vocabula
2769 3219 2968 3278 externi·

715 3323 871 3381 gena,
918 3306 1013 3362 sed
1062 3305 1152 3361 illa
1197 3305 1466 3380 scriptura
1508 3304 1796 3362 verborum
1843 3313 1898 3361 et
1942 3303 2170 3362 flexione
2215 3305 2451 3362 finalium
2497 3306 2744 3380 adaptata
2788 3307 2861 3361 ori
2889 3303 2967 3358 La·

715 3392 849 3463 tino,
895 3392 1134 3447 inserere
1167 3389 1425 3446 versibus.
1459 3419 1538 3429 —
1582 3390 1685 3446 48.
1744 3393 2038 3447 inventore
2081 3394 2298 3455 minem
2341 3392 2413 3447 es.
2445 3390 2507 3463 ll,
2544 3392 2603 3463 1,
2635 3392 2748 3459 29;
2793 3389 2856 3446 ib.
2888 3387 2968 3445 74.

717 3474 815 3531 75.
874 3506 956 3515 --
1013 3475 1113 3532 50.
1162 3475 1262 3531 51.
1330 3481 1390 3530 at
1445 3476 1574 3532 dixi
1620 3478 1809 3547 fluere
1852 3477 2006 3532 hunc
2058 3479 2432 3548 lutulentum,
2491 3491 2670 3548 saepe
2716 3475 2967 3548 ferentem

711 3563 886 3631 plura
934 3563 1156 3633 quidem
1200 3561 1448 3618 tollenda
1494 3561 1903 3632 relinquendis,
1987 3562 2228 3635 asperior
2271 3560 2446 3617 sactus
2493 3570 2555 3616 ut
2598 3559 2873 3617 memoravi
2911 3554 2966 3610 ol»

718 3643 973 3699 offensam
1020 3644 1272 3700 Horatius
1316 3646 1419 3700 iam
1464 3644 1697 3700 intendit
1743 3644 1887 3718 quod
1936 3644 2065 3700 olim
2110 3645 2434 3701 iudicaverat
2464 3662 2583 3701 esse
2629 3644 2772 3719 quod
2803 3642 2968 3700 tollere

720 3728 847 3782 velis
891 3729 945 3782 in
974 3727 1163 3784 Lucilii
1205 3728 1544 3785 carminibus,
1588 3760 1672 3769 —
1718 3729 1818 3785 52.
1868 3737 1928 3785 tu
1958 3731 2097 3786 nihil
2130 3734 2187 3785 in
2219 3748 2423 3802 maqno
2453 3732 2655 3787 doetus
2685 3729 2967 3801 reprehen-

716 3815 803 3868 dis
849 3812 1098 3869 Homero
1111 3838 1127 3876 ,·
1171 3830 1292 3868 eum
1339 3815 1430 3887 qui
1474 3813 1661 3869 Lucilii
1693 3813 1949 3887 quaedam
1980 3814 2300 3889 reprehendi
2346 3831 2507 3890 aegre
2540 3814 2649 3870 sert
2677 3812 2966 3887 alloquitur:

718 3897 780 3952 ab
814 3898 917 3953 hoc
961 3905 1138 3952 tamen
1184 3906 1236 3952 et
1279 3900 1398 3971 ipso
1435 3899 1652 3954 Homeri
1682 3908 1742 3954 ut
1773 3898 2001 3955 aliorum
2043 3908 2324 3973 poetarum
2357 3898 2682 3954 Graecorum
2712 3906 2862 3972 atque
2888 3894 2966 3949 La·

716 3984 953 4038 tinorum
999 3983 1145 4055 carpi
1190 3998 1352 4055 opera
1399 3990 1483 4039 sat
1524 3991 1757 4040 constat.
1803 4014 1886 4023 —
1931 3984 2032 4041 53.
2089 3990 2270 4040 mutat
2283 4007 2301 4047 ,-
2344 3983 2486 4040 idem
2530 3984 2645 4040 sere
2690 4000 2804 4040 esse
2843 3977 2965 4056 quod

715 4063 1000 4145 ηαρῳδεῖ,
1031 4069 1222 4123 addito
1255 4075 1355 4124 aut
1386 4076 1599 4124 mutato
1629 4069 1821 4142 aliquo
1852 4070 2128 4125 vocabulo
2157 4072 2215 4126 in
2247 4072 2426 4125 risum
2457 4071 2771 4144 detorquet,
2811 4070 2966 4123 monet

715 4153 1131 4227 Peerlkampius.
1166 4184 1248 4192 —-
1279 4152 1376 4209 55.
1424 4171 1552 4209 cum
1582 4156 1653 4209 de
1678 4169 1739 4210 se
1766 4156 2019 4226 loquitur
2049 4172 2161 4210 non
2188 4160 2249 4210 ut
2270 4155 2488 4210 maiore
2511 4157 2832 4226 reprensus,-
2856 4156 2962 4206 nota

715 4238 1031 4294 modestiam
1077 4237 1286 4311 Lucilii,
1332 4254 1493 4311 quam
1538 4240 1789 4315 agnoscit
1832 4240 1991 4294 etiam
2021 4237 2400 4312 Bernhardyus
2444 4239 2499 4295 h.
2533 4238 2568 4294 l.
2601 4239 2715 4295 Lat.
2745 4255 2829 4312 pg.
2860 4231 2960 4290 598

717 4322 801 4377 ed.
848 4322 952 4379 llll.
1027 4339 1219 4396 nempe
1264 4332 1486 4396 apparet
1530 4339 1653 4378 eum
1698 4324 1753 4379 in
1798 4323 2077 4398 carpendis
2111 4325 2292 4393 AeciO,
2339 4321 2508 4379 Ennio
2553 4324 2773 4397 aliisque
2812 4317 2961 4395 poetis

717 4423 1035 4480 quamquam
1079 4407 1366 4480 aliquando
1411 4407 1724 4481 argutulum
1768 4423 1875 4463 non
1911 4416 2086 4464 tamen
2118 4409 2353 4464 caruisse
2384 4408 2636 4466 candore.
2724 4401 2959 4465 64-67.
