3267 5075
1113 384 1334 438 LIBER
1369 384 1593 439 XXVII.
1631 385 1886 440 XXVIII.
2511 387 2643 451 255

524 552 625 609 33.
675 552 970 625 insignem
1001 551 1286 607 stultitiam
1316 551 1497 624 Nonii,
1543 553 1633 625 qui
1679 554 1984 624 rumpendi
2023 551 2244 608 verbum
2288 569 2393 626 pro
2434 554 2643 627 defati-

351 638 529 711 9andi
570 638 810 712 positum
844 652 964 692 esse
994 635 1124 692 dicit
1153 636 1208 691 h.
1240 635 1294 705 l.‚
1343 653 1464 693 cum
1495 637 1678 711 potius
1708 638 1780 692 sit
1805 652 2191 710 prorumpere
2223 638 2401 694 notavi
2431 655 2526 713 pg.
2561 638 2642 697 28

352 721 471 777 libri
515 723 714 779 nostri.
763 751 840 761 —-
885 723 999 776 ima
1043 718 1240 791 addidi,
1284 721 1447 795 idque
1477 722 1838 777 necessarium
1870 738 1991 778 esse
2019 729 2273 795 apparet3
2320 739 2640 798 quamquam

349 823 479 863 num
523 807 641 880 ipse
685 805 889 863 Nonius
934 803 1247 879 adposuerit
1293 805 1443 862 valde
1483 804 1695 862 dubim.
1785 806 2057 863 fatendum
2112 814 2290 862 tamen
2335 817 2390 862 et
2441 824 2541 881 per
2580 825 2642 864 se

351 891 508 949 facile
549 892 797 965 potuisse
840 890 1044 945 hauriri
1088 889 1194 946 hoc
1222 888 1443 946 verbum
1473 898 1528 947 et
1558 908 1653 965 pg.
1688 891 1770 948 88
1810 900 1937 964 post
1965 895 2236 964 ruperint
2263 900 2448 965 aperte
2479 908 2641 965 quae-

352 975 471 1031 dam
515 975 804 1035 excidisse.

519 1060 622 1118 34.
697 1059 831 1117 illud
862 1062 1114 1116 maxime
1145 1068 1325 1115 utrum
1355 1059 1421 1115 ad
1466 1075 1639 1132 spero
1683 1077 1748 1116 an
1792 1060 1858 1116 ad
1897 1060 2059 1133 facis
2093 1069 2342 1118 mutuom
2373 1063 2640 1136 pertineat

350 1162 461 1201 non
506 1152 742 1201 constat.
784 1174 871 1185 --
912 1152 1154 1200 ceterum
1198 1150 1447 1202 mutuom
1494 1160 1602 1201 uon
1649 1153 1731 1201 est
1777 1144 2088 1202 adverbium
2133 1154 2194 1202 ut
2224 1145 2397 1202 Nouio
2428 1146 2642 1203 videtur

349 1229 442 1285 sed
488 1229 829 1286 adiectivum.

405 1328 409 1333 ’
519 1313 622 1371 35.
691 1312 849 1370 verba
893 1311 1081 1369 Lucilii
1135 1312 1198 1369 ad
1244 1314 1468 1369 amicum
1528 1315 1619 1387 qui
1674 1311 2052 1372 bibliothecam
2109 1332 2261 1371 suam
2304 1322 2361 1371 et
2412 1317 2638 1372 maxime

350 1399 747 1456 Socraticorum
790 1396 955 1454 libros
986 1396 1275 1455 desiderat.
1324 1427 1402 1438 —-
1449 1397 1740 1456 Socratici
1765 1400 1987 1464 charta·
2032 1399 2160 1456 Hor.
2207 1417 2292 1474 ep.
2325 1399 2389 1471 ll,
2421 1400 2482 1471 3,
2515 1401 2640 1458 310

350 1498 467 1540 rem
514 1485 619 1541 tibi
659 1483 1004 1561 Socraticae
1042 1487 1314 1553 poterant
1353 1485 1661 1540 ostendere
1710 1485 1955 1541 chartae
1966 1508 1984 1548 ,·
2037 1484 2178 1541 idem
2223 1503 2271 1541 c.
2320 1485 2361 1556 Ι,
2408 1484 2510 1555 29,
2559 1486 2636 1542 13

277 1631 284 1635 ,
350 1585 477 1625 cum
524 1574 587 1626 tu
630 1574 924 1640 coemptos
966 1569 1217 1640 undique
1260 1568 1465 1625 nobilis
1516 1569 1697 1625 libros
1738 1561 1991 1627 Panaeti
2032 1569 2397 1626 Socraticam
2441 1578 2496 1626 et
2538 1571 2635 1627 do-

348 1671 495 1711 mum
537 1661 768 1710 mutare
809 1654 1009 1708 loricis
1052 1646 1289 1709 Hiberis
1324 1655 1618 1723 pollicitus
1661 1656 1897 1710 meliora
1943 1656 2146 1711 tendis,
2202 1666 2205 1673 ’

517 1738 620 1796 38.
693 1739 946 1807 virtutei,
988 1735 1061 1791 cf.
1104 1743 1223 1793 not.
1265 1736 1332 1791 ad
1379 1737 1440 1808 V,
1480 1738 1555 1796 1.
1609 1784 1610 1787 ,
1740 1752 1745 1759 ·

513 1822 619 1881 39.
691 1821 950 1895 frequens
994 1820 1268 1894 asyndetis
1324 1830 1380 1877 et
1424 1821 1711 1895 aliquando
1767 1823 1942 1881 minus
1998 1822 2334 1898 elegantibus
2377 1824 2634 1883 Lucilius.

346 1938 427 1948 -—
469 1914 737 1981 quantum
781 1905 845 1960 ad
890 1921 1036 1976 rem,
1088 1907 1235 1978 tangi
1279 1906 1587 1963 Archilochi
1632 1907 2049 1980 pulcherrimum
2095 1908 2456 1983 fragmentum
2502 1910 2632 1967 illud

347 1993 490 2066 quod
537 1992 730 2065 incipit
757 1983 1073 2067 χρημάτων
1100 1984 1354 2047 ἄελπτον
1383 1979 1562 2047 οὐδέν
1592 1985 1752 2047 ’ἐστιν
1780 1982 1916 2047 οὐδ’
1957 1983 2272 2068 ἆπωμοτον
2308 1995 2635 2052 adnotarunt

345 2077 611 2152 plerique.

511 2161 617 2218 40.
693 2170 931 2234 nugatut
976 2160 1213 2230 Νοιιίιιες
1267 2178 1389 2217 uam
1444 2162 1677 2217 animum
1723 2160 1977 2218 iuducere
2034 2163 2190 2236 plane
2234 2163 2427 2221 eodem
2468 2166 2634 2223 ¹modo

345 2247 545 2304 dictum
592 2255 654 2302 ut
697 2246 835 2301 iufra
881 2248 1126 2322 Hymnis
1169 2261 1271 2319 eqo
1311 2250 1563 2303 animum
1608 2250 1691 2303 sic
1735 2249 1963 2319 induco,
2010 2266 2120 2329 quo
2166 2256 2266 2305 tua
2312 2251 2385 2304 ab
2427 2255 2634 2308 insano

345 2332 609 2405 auferas.
699 2338 940 2389 ceterum
983 2347 1093 2387 non
1139 2329 1397 2387 abhorret
1437 2347 1466 2386 a
1509 2347 1641 2387 vero
1685 2331 1853 2387 fuisse
1892 2334 2192 2406 antiquitus
2239 2333 2490 2394 traditum
2530 2337 2634 2409 ad,

344 2416 488 2490 quod
536 2415 743 2490 placuit
785 2414 1011 2486 Deusae,
1066 2414 1163 2472 sed
1208 2423 1269 2471 ut
1313 2422 1459 2471 esset
1501 2416 1836 2473 coniunctio.

510 2501 616 2558 41.
692 2500 822 2557 haec
866 2501 932 2559 ad
976 2501 1161 2559 exules
1205 2500 1532 2574 nescioquos
1576 2509 1824 2575 spectare
1870 2501 2226 2560 manufestum.
2271 2533 2358 2546 -
2399 2505 2515 2579 hic,
2560 2505 2630 2563 cf.

343 2585 394 2642 ι1.
427 2605 472 2643 r.
508 2603 580 2643 m.
628 2585 771 2644 386.

507 2670 614 2727 44.
690 2672 899 2730 redibit
910 2697 928 2735 ,-
969 2670 1242 2746 equidem,
1288 2679 1349 2727 ut
1393 2673 1495 2727 iam
1538 2670 1665 2728 alibi
1694 2670 1978 2746 declaravi,
2024 2690 2152 2730 non·
2179 2676 2348 2731 ausim
2396 2675 2633 2732 tribuere

342 2765 534 2830 poetae
579 2756 799 2813 satirico
846 2756 935 2813 illa
978 2761 1072 2822 ivi,
1110 2760 1307 2829 petivi.

507 2840 612 2897 45.
689 2842 1002 2899 devort-ere
1045 2842 1235 2915 scripsi
1281 2840 1343 2897 ad
1377 2841 1677 2913 augendam
1709 2841 2151 2912 alliterationem3
2198 2845 2271 2900 ita
2302 2852 2450 2901 recte
2487 2845 2633 2903 docti

339 2924 617 2982 Plautinae
662 2926 845 2984 militis
891 2926 1040 3000 V,1‚
1077 2925 1155 2982 14
1211 2928 1310 2983 ubi
1356 2926 1512 2983 lubet
1561 2928 1885 2999 dispennite
1925 2928 2202 2986 hminem
2244 2930 2532 2987 divorsum
2578 2938 2635 2988 ct

342 3012 667 3069 distenuite.

505 3094 611 3152 46.
689 3104 775 3152 est
818 3112 1008 3153 versus
1050 3094 1226 3186 Plauoti
1283 3112 1346 3151 ex
1392 3112 1555 3156 merc.
1601 3095 1665 3166 ll,
1694 3096 1758 3168 3,
1790 3096 1893 3169 63,
1939 3096 2041 3153 ubi
2075 3097 2140 3154 de
2195 3099 2388 3156 ancilla
2429 3101 2630 3174 agitur.

341 3211 419 3220 —-
461 3182 636 3255 igitur
680 3190 773 3238 aut
816 3180 1000 3254 lapsus
1029 3187 1114 3236 est
1159 3160 1412 3237 memoria
1444 3180 1671 3254 NoniuS,
1713 3191 1805 3237 aut
1835 3180 2070 3238 Lucilius
2114 3182 2277 3238 verba
2320 3183 2408 3239 illa
2451 3186 2630 3240 satiris

341 3266 450 3321 suis
494 3266 749 3322 inseruit.
803 3295 887 3309 —-
941 3272 1144 3324 vor-rat
1186 3266 1375 3338 scripsi
1430 3282 1532 3339 pro
1585 3281 1654 3322 eo
1712 3265 1859 3340 quod
1916 3275 2000 3323 est
2053 3268 2107 3323 in
2159 3267 2203 3322 G
2247 3276 2470 3324 narrat.
2558 3270 2630 3325 ita

340 3348 376 3403 L
426 3351 457 3406 1
508 3350 624 3423 60,
672 3350 752 3407 32
810 3350 971 3408 hahet
1028 3369 1055 3405 a
1101 3368 1183 3424 pr.
1231 3367 1303 3405 m.
1350 3352 1691 3407 devarsoria
1748 3354 1903 3409 dicta
1958 3358 2094 3409 sunt
2147 3352 2393 3423 hospitia
2451 3371 2488 3409 a
2532 3356 2628 3409 de-

342 3438 622 3493 curando.

507 3538 734 3609 XXVIII,
782 3540 837 3595 1.
916 3541 1093 3613 tangit
1135 3537 1375 3594 Lucilius
1420 3553 1607 3594 eorum
1654 3538 1846 3612 placita
1902 3540 1992 3611 qui
2037 3537 2361 3613 Empedocle
2407 3548 2630 3597 auctore

341 3631 601 3697 quattuor
645 3623 927 3682 elementis
973 3623 1077 3680 hoc
1120 3632 1204 3680 est
1248 3623 1443 3679 tellure
1488 3640 1624 3697 aqua
1668 3639 1792 3679 aere
1820 3624 2038 3679 aethere
2082 3632 2333 3680 constare
2374 3623 2631 3682 dixerunt

339 3716 582 3765 naturam
628 3723 843 3778 rerum3
886 3709 955 3764 de
1000 3725 1103 3781 qua
1148 3708 1403 3782 opinione
1449 3708 1633 3765 multis
1678 3709 1792 3782 agit
1835 3707 2119 3765 Lucretius
2163 3710 2205 3782 1,
2238 3709 2359 3766 714
2392 3727 2514 3784 sqq.
2547 3741 2633 3751 —

340 3794 602 3849 sententia
647 3800 826 3849 autem
870 3793 1160 3867 fragmenti
1191 3801 1382 3866 aperte·
1406 3792 1564 3848 haec:
1610 3790 1855 3848 adfirmat
1883 3792 2022 3848 alter
2052 3793 2481 3869 colloquentium
2512 3795 2631 3853 fore

248 3910 260 3918 κ
342 3886 398 3932 nt
439 3879 605 3933 homo
649 3878 836 3934 nescio
882 3879 1003 3951 quis
1047 3877 1274 3934 admissa
1318 3893 1377 3931 re
1419 3885 1567 3933 certa
1614 3877 1858 3933 tradatur
1886 3877 2039 3952 Lupo
2084 3882 2357 3953 praetori3
2404 3896 2631 3953 respon·

341 3961 430 4018 det
484 3961 624 4018 alter
681 3977 809 4018 eum
863 3977 973 4018 non
1031 3962 1219 4018 adfore
1272 3961 1358 4017 die
1414 3961 1613 4017 iudicii.
1717 3961 1912 4019 subicit
1969 3963 2059 4020 ille
2118 3964 2347 4019 eundem
2403 3966 2516 4038 igni
2575 3972 2630 4019 et

340 4061 472 4119 aqua
514 4048 584 4103 iri
627 4045 994 4121 prohibitum3
1050 4056 1163 4103 tum
1210 4047 1297 4102 hic
1340 4047 1394 4102 in
1441 4046 1658 4102 exilium
1706 4047 1868 4104 istum
1924 4048 2192 4104 abiturum
2246 4049 2405 4103 salvis
2456 4049 2626 4102 anima

343 4138 397 4185 et
437 4147 690 4206 corpore.
780 4130 1013 4205 (lenique
1057 4132 1395 4206 promittitur
1437 4130 1521 4186 vel
1566 4131 1652 4187 his
1693 4132 1974 4190 elementis
2018 4133 2226 4205 Lupum
2270 4132 2627 4206 spoliaturum

345 4213 721 4287 adversarium,
765 4216 812 4272 si
857 4215 1053 4290 cupido
1099 4217 1215 4272 eius
1260 4216 1338 4271 rei
1376 4215 1583 4272 venerit
1625 4217 1746 4291 ipsi.

508 4300 564 4355 2.
651 4299 813 4357 verba
874 4302 989 4357 eius
1056 4301 1124 4356 de
1187 4317 1297 4377 quo
1371 4302 1618 4375 proxime
1672 4318 2009 4378 praegresso
2075 4301 2383 4377 fragmento
2448 4319 2626 4365 sermo

341 4383 536 4444 fuerat.
