3267 5075
662 394 748 458 52
1453 478 1469 494 .
1633 397 1857 452 LIBER
1889 399 1982 454 IX.

1533 558 1814 625 XXXVI
1860 562 1999 641 [27]
2032 583 2071 625 a

834 672 987 738 hinc
1033 674 1290 759 ancilia,
1337 674 1418 738 ab
1462 675 1587 742 hoc
1634 676 1846 761 apices
1893 676 2280 761 capidasque
2326 679 2630 760 repertae.

1515 789 1829 856 XXXVII
1875 793 2015 874 [28]
2045 792 2088 856 b

833 906 1092 989 praesul
1134 909 1210 971 ut
1253 910 1579 992 amptruet
1620 908 1827 993 hince,
1872 911 1947 972 ut
1990 905 2204 991 volgu'
2250 907 2691 990 redamptruet
2735 907 2908 972 inde.

1507 1022 1853 1088 XXXVIII
1899 1024 2039 1104 [20]
2072 1045 2112 1086 a

837 1136 894 1200 si
938 1136 1101 1202 nihil
1146 1138 1228 1203 ad
1272 1138 1502 1204 faciem
1549 1143 1614 1204 et
1659 1140 1868 1204 solum
1912 1139 2067 1223 lupa
2111 1137 2693 1222 prostibulumque‚

834 1253 1084 1317 nummi
1129 1275 1290 1339 opus
1338 1255 1543 1341 adque
1590 1256 1772 1320 assiS.
1965 1234 1972 1237 ‚

1533 1369 1812 1435 XXXIX
1855 1369 1997 1453 [25]
2026 1371 2069 1435 b

704 1480 791 1547 65
834 1484 909 1547 tu
953 1484 1117 1548 milli
1160 1507 1497 1551 nummum
1541 1490 1726 1572 potes
1773 1509 1903 1552 uno
1950 1507 2253 1571 quaerere
2301 1487 2576 1550 centum.

1654 1600 1769 1666 XL
1817 1603 1958 1684 [23]

2236 1690 2463 1755 labora

837 1803 1105 1889 discere,
1149 1826 1232 1870 ne
1275 1809 1341 1870 te
1387 1828 1488 1870 res
1533 1806 1679 1890 ipsa
1724 1828 1799 1884 ac
1843 1808 2010 1872 ratio
2055 1806 2198 1891 ipsa
2242 1806 2519 1871 refellat.

908 1916 922 1932 '
1638 1920 1787 1985 XLI
1833 1923 1974 2004 [22]
2169 1914 2174 1919 ’

836 2035 1295 2100 frumentarius
1341 2058 1443 2101 em
1487 2036 1776 2101 modium
1820 2037 1926 2103 hic
1974 2059 2189 2104 secum
2238 2038 2442 2123 adque
2488 2036 2796 2101 rutellum

840 2174 971 2217 una
1018 2152 1241 2217 adfert.

748 2320 983 2373 XXXVI
1007 2321 1182 2373 Prisc.
1202 2322 1302 2373 708
1325 2320 1603 2372 invenitur
1626 2320 1792 2371 etiam
1814 2320 1898 2372 ha
1915 2337 1985 2372 ec
2020 2323 2208 2388 capis
2233 2320 2440 2388 capidis
2467 2321 2724 2387 (caspis
2754 2324 2971 2388 caspi-

663 2389 766 2441 dis
803 2392 927 2441 Par.
963 2392 1096 2442 7496
1132 2394 1187 2439 et
1224 2406 1255 2439 a
1291 2406 1373 2455 pr.
1411 2405 1477 2439 m.
1507 2388 1690 2453 Bern.)
1728 2416 1793 2425 —
1829 2391 2123 2454 Arruntius
2159 2416 2225 2426 —
2262 2388 2569 2441 Lucilius
2605 2391 2664 2441 in
2701 2390 2866 2441 VIIII
2901 2418 2970 2427 --

665 2463 721 2508 et
755 2458 878 2508 vide
915 2458 1057 2524 quod
1091 2458 1265 2523 magis
1300 2457 1562 2508 Graecum
1599 2457 1933 2522 ostenditur,
1978 2474 2098 2510 cum
2133 2458 2192 2509 in
2226 2474 2288 2508 as
2324 2458 2555 2524 protulit
2589 2460 2968 2518 accusativum

664 2539 941 2608 pluralem.
1028 2542 1292 2594 XXXVII
1328 2542 1468 2594 Non.
1496 2544 1610 2605 165,
1631 2543 2173 2594 17<redandruare
2209 2542 2813 2609 (redantdruarere
2837 2546 2883 2594 L
2910 2542 2968 2608 2)

666 2609 837 2660 redire
873 2610 996 2674 (om.
1021 2613 1067 2661 L
1095 2613 1145 2670 2,
1182 2610 1453 2661 resilire
1489 2609 1744 2671 Merula).
1801 2611 2119 2663 Lucilius
2155 2611 2248 2662 lib.
2275 2612 2437 2663 VIIII
2474 2617 2538 2662 ut
2573 2627 2621 2662 v.
2661 2628 2709 2661 e.
2740 2628 2792 2677 q.
2821 2629 2865 2663 s.
2900 2638 2970 2646 —

663 2677 859 2729 Festus
885 2681 985 2729 270
1018 2678 1472 2729 redantruare
1506 2679 1710 2729 dicitur
1745 2678 1804 2728 in
1828 2677 2097 2729 Saliorum
2119 2678 2567 2743 exultationibus,
2603 2695 2725 2729 cum
2750 2678 2972 2745 praesul

663 2746 999 2812 amptruavit
1037 2744 1480 2813 (ampiruavit
1515 2746 1627 2812 cd.)
1667 2746 1809 2813 quod
1843 2752 1930 2797 est
1952 2754 2129 2799 motus
2155 2747 2321 2798 edidit
2350 2752 2404 2797 et
2440 2744 2566 2812 (om.
2595 2747 2700 2815 cd.)
2736 2750 2789 2796 ei
2823 2747 2969 2798 refe-

665 2819 859 2865 runtur
894 2815 1131 2864 invicem
1164 2814 1306 2864 idem
1339 2819 1534 2866 motus,
1608 2813 1938 2865 Lucilius.
2057 2816 2349 2867 XXXVIII
2406 2817 2545 2865 Non.
2582 2817 2702 2878 497,
2738 2818 2806 2865 32
2845 2833 2890 2865 s.
2928 2815 2967 2864 l.

665 2884 947 2944 genetivus
982 2883 1195 2948 positus
1231 2897 1328 2948 pro
1366 2882 1608 2933 ablativo
1648 2882 1737 2933 vel
1772 2882 2029 2933 adverbio
2065 2882 2171 2934 loci
2208 2911 2271 2919 —
2310 2882 2618 2933 Lucilius
2654 2883 2969 2946 satyrarum

664 2948 757 2998 lib.
794 2950 881 3021 VI·
909 2976 975 2985 —
1009 2951 1152 3000 idem
1183 2950 1277 3000 lib.
1315 2951 1447 3000 VIII
1480 2982 1547 2991 --
1583 2950 1750 3000 idem
1784 2950 1878 3000 lib.
1902 2950 2084 3001 VIIII.
2189 2950 2426 3000 XXXIX
2479 2950 2687 3010 Gellius
2723 2952 2767 3008 1,
2799 2954 2878 3012 16,
2906 2953 2970 3000 12

669 3016 765 3067 ubi
798 3017 1047 3082 disputat
1080 3018 1145 3069 de
1185 3019 1530 3069 substantivo
1566 3017 1740 3068 mille:
1779 3018 2090 3070 Lucilius
2127 3046 2184 3056 -
2226 3021 2285 3069 in
2319 3018 2459 3069 libro
2487 3018 2588 3067 XV
2624 3019 2704 3068 ita
2739 3019 2877 3068 dicit
2905 3046 2969 3054 —

669 3087 798 3136 item
833 3085 960 3148 alio,
997 3085 1140 3137 libro
1175 3086 1338 3137 VIIII
1372 3113 1439 3123 —
1473 3086 1644 3137 millei
1686 3101 1910 3152 passum
1944 3086 2084 3137 dixit
2129 3103 2229 3152 pro
2274 3086 2423 3137 mille
2466 3086 2721 3153 passibus
2766 3092 2823 3136 et
2858 3103 2970 3137 uno

667 3153 805 3204 milli
840 3169 1113 3205 nummum
1149 3168 1248 3220 pro
1284 3155 1409 3205 unis
1445 3153 1590 3205 mille
1625 3155 1875 3206 nummis.
1909 3182 1977 3192 -—
2012 3156 2183 3208 Macr.
2220 3155 2274 3220 1,
2312 3157 2372 3218 5,
2411 3157 2441 3206 7
2487 3155 2622 3205 item
2671 3154 2969 3216 (Lucilius)

666 3223 725 3272 in
759 3221 898 3273 libro
934 3236 1098 3273 nono.
1234 3221 1333 3271 XL
1391 3222 1534 3274 Non.
1562 3223 1681 3286 286,
1721 3225 1785 3273 31
1826 3222 2089 3273 discere
2124 3227 2208 3274 est
2245 3224 2492 3289 ignotam
2514 3237 2628 3272 rem
2650 3222 2968 3272 meditando

667 3291 912 3356 adsequi.
983 3288 1295 3341 Lucilius
1329 3290 1424 3341 lib.
1460 3290 1623 3342 V1111
1662 3288 1807 3356 (lib.
1845 3291 2045 3342 VIIII
2081 3307 2184 3341 om.
2224 3291 2307 3354 A).
2412 3290 2543 3341 XLI
2599 3290 2740 3340 Non.
2780 3291 2864 3355 18,
2902 3293 2972 3341 20

668 3362 920 3408 rutrum
953 3359 1160 3410 dictum
1193 3364 1278 3410 est
1313 3375 1346 3409 a
1380 3358 1583 3411 ruendo
1632 3356 1733 3423 (ita
1769 3361 1885 3421 Me,
1930 3356 2049 3412 cdd.
2084 3356 2437 3423 radendo).
2527 3359 2868 3423 Pomponius
2902 3385 2971 3395 —

841 3521 916 3578 61
965 3521 1112 3594 hinc,
1159 3521 1438 3596 in-Sany.
1487 3527 1543 3577 et
1584 3524 1644 3577 in
1686 3523 1867 3579 litura
1911 3520 2116 3594 Luyd„
2161 3523 2261 3593 qui
2301 3533 2418 3577 sec.
2464 3538 2536 3577 m.
2583 3520 2725 3576 hinc.
2770 3550 2839 3560 —
2885 3538 2970 3576 ca-

669 3606 815 3679 pices
863 3605 1122 3670 (Σάνοὶίν.Δ
1157 3637 1234 3646 -
1283 3605 1637 3681 cuspidesque
1681 3605 1862 3661 Bern.
1998 3604 2076 3661 62
2123 3612 2357 3660 amtruet
2398 3605 2652 3676 Merula,
2698 3606 2968 3679 ampiruet

670 3691 761 3746 cd.
805 3721 890 3733 --
932 3690 1088 3747 hince
1134 3689 1230 3763 M,
1289 3692 1415 3748 hinc
1458 3690 1724 3762 Merula,
1781 3689 1905 3746 inde
1949 3691 2037 3746 cd.
2081 3721 2167 3734 —-
2210 3698 2272 3746 ut
2316 3708 2421 3746 om.
2466 3687 2614 3747 liber
2656 3690 2837 3746 Festi.
2883 3718 2967 3732 -

671 3773 869 3848 vulgus
914 3779 1139 3848 scripti.
1184 3807 1268 3815 ——
1310 3775 1645 3833 redamtruet
1687 3775 1954 3845 Merula,
2000 3773 2350 3849 redamplavit
2394 3783 2448 3831 at
2494 3776 2581 3833 cd.
2626 3774 2792 3831 Festi
2804 3793 2821 3832 ‚·
2883 3792 2968 3830 rc·

672 3858 937 3914 dandruet
979 3861 1027 3916 L
1061 3863 1113 3923 1,
1161 3860 1516 3917 redrandruet
1553 3861 1600 3917 G
1645 3857 1941 3932 (sedidem
1987 3860 2072 3915 bis
2107 3857 2509 3935 redandruare).
2555 3890 2638 3899 —
2684 3857 2812 3915 inde
2858 3878 2964 3915 om.

669 3944 819 4001 liber
860 3943 1038 4002 Festi.
1258 3945 1337 4002 63
1382 3944 1559 4001 solum
1602 3946 1795 4019 Πρω,
1856 3945 1901 3999 si
1959 3943 2086 4000 olim
2144 3945 2272 4001 cdd.
2490 3943 2569 4002 64
2626 3945 2834 4000 nummi
2891 3945 2967 4015 D,

673 4021 874 4118 numiml
907 4063 955 4119 L
999 4063 1055 4134 1,
1105 4063 1312 4118 numini
1356 4064 1425 4134 e,
1469 4064 1694 4126 Bamb„
1740 4065 1786 4121 L
1816 4062 1873 4123 2.
1923 4094 2002 4104 —-
2045 4071 2209 4137 atque
2254 4065 2321 4137 e,
2362 4064 2410 4119 L
2444 4064 2475 4119 1
2523 4081 2594 4119 m.
2632 4062 2690 4134 2,
2736 4062 2966 4134 Bamb„

671 4149 719 4204 L
750 4146 807 4204 2.
857 4178 933 4188 -
981 4148 1114 4203 assis
1157 4148 1409 4221 Lipsius,
1457 4146 1601 4204 obsit
1644 4153 1869 4222 scripti.
2056 4149 2132 4207 67
2180 4149 2388 4205 discere
2431 4146 2615 4203 labora
2662 4149 2785 4204 cdd.
2836 4164 2969 4204 cum

673 4233 746 4304 A,
788 4233 936 4291 idem
979 4249 1067 4288 res
1106 4222 1199 4302 '1133
1246 4249 1404 4290 corr.
1449 4234 1563 4306 Dp.
1700 4235 1779 4293 68
1825 4251 1910 4291 em
1953 4233 2040 4307 M,
2084 4243 2168 4290 est
2212 4253 2261 4291 v.
2304 4265 2389 4274 --
2433 4241 2597 4306 atque
2644 4232 2690 4288 G
2735 4239 2791 4289 et
2820 4251 2894 4289 m.
2929 4232 2965 4288 2

675 4319 721 4375 L
754 4318 809 4373 1.
853 4348 933 4359 -—-
979 4317 1236 4375 rutellum
1282 4338 1357 4392 v.,
1404 4318 1720 4376 etrutellum
1767 4319 1835 4389 G,
1881 4320 1929 4375 L
1964 4320 2016 4375 1.
2151 4318 2229 4376 69
2277 4335 2382 4375 una
2434 4318 2758 4389 Turnebus,
2803 4334 2967 4373 unam

678 4403 746 4473 G,
791 4419 954 4459 unum
1002 4403 1047 4458 L
1082 4403 1134 4460 1.
1191 4436 1256 4444 —
1312 4403 1464 4460 affert
1514 4404 1580 4476 G,
1626 4405 1674 4459 L
1710 4406 1739 4458 1
1787 4422 1857 4458 m.
1898 4405 1949 4457 1.
