3267 5075
1313 342 1534 395 LIBER
1568 343 1636 397 11.
2035 327 2059 346 ⁹
2495 343 2619 405 199

336 526 390 565 ea
433 525 492 563 re
538 509 692 581 quod
738 517 975 582 utroque
1019 507 1140 564 loco
1186 510 1239 564 in
1285 508 1470 564 Lucilii
1516 508 1654 564 libro
1701 508 1989 578 adserendo
2037 510 2238 583 omittit
2287 509 2422 566 illud
2464 518 2619 583 saty-

337 612 554 649 rarum.
602 625 687 632 -
732 598 1019 665 rapister,·
1063 601 1186 666 apte
1215 593 1498 648 confertur
1541 593 1869 649 Franckenio
1916 594 1956 663 1,
1982 594 2027 653 ,9
2062 598 2398 666 capistrum.
2475 596 2619 668 quod

335 678 534 752 legitur
585 678 705 735 167
754 683 1082 749 rapiuntur,
1129 677 1488 749 librariorum,
1533 694 1644 732 non
1675 678 1832 733 Nonii
1861 677 2016 751 culpa
2049 680 2290 734 evenisse
2335 680 2617 749 existim03

336 763 423 836 qui
465 772 761 835 postquam
803 762 857 817 id
903 763 1049 835 quod
1094 769 1179 817 est
1223 765 1524 833 rapinator
1567 762 1819 817 Varronis
1864 762 2109 835 exemplo
2155 762 2494 819 adstruxerat
2538 781 2621 819 re-

334 846 587 903 cordatus
635 847 794 902 etiam
838 848 1155 902 inusitatum
1201 846 1518 902 vocabulum
1551 851 1808 916 rapister
1853 847 2036 902 haberi
2081 846 2221 919 apud
2254 837 2518 903 Lucilium
2566 849 2620 903 id

335 932 509 986 statIm
554 948 669 986 non
716 933 921 986 monito
966 931 1173 986 lectore
1218 930 1510 986 subiunxit.
1588 932 1658 986 ita
1707 930 1869 986 habes
1902 948 1995 1004 pg.
2029 931 2106 987 87
2154 938 2452 1004 aquantur
2494 950 2537 988 s,
2573 950 2621 988 v.

335 1019 663 1087 capiantur,
695 1014 817 1072 487
864 1017 1184 1071 Dardanus
1213 1034 1258 1072 S.
1289 1015 1501 1088 Arqus,
1546 1014 1736 1070 similia
1768 1016 1965 1089 passim
1998 1013 2138 1070 alibi.
2185 1044 2268 1056 ——
2314 1016 2435 1072 talia
2478 1016 2621 1071 haud

336 1117 454 1155 raro
503 1099 883 1174 interpolando
928 1101 1198 1155 invertere
1242 1098 1447 1155 librarii
1492 1099 1669 1156 Nonii.

503 1183 560 1240 2.
635 1202 791 1242 nune
846 1187 972 1241 dico
1016 1186 1145 1239 satis
1189 1182 1541 1258 probabiliter
1597 1179 1760 1239 docti.
1849 1191 2088 1240 ceterum
2144 1184 2424 1241 commode
2469 1185 2623 1241 ass'ert

337 1268 697 1325 Franckenius
729 1266 1005 1325 Ciceronis
1035 1286 1135 1342 pro
1168 1269 1414 1324 Cluentio
1463 1263 1595 1345 [62‚
1633 1264 1782 1344 175]
1828 1268 1961 1324 illud
1994 1286 2123 1325 cum
2169 1285 2350 1340 vayus
2380 1277 2435 1325 et
2480 1274 2621 1327 exul

339 1360 568 1410 erraret
612 1361 789 1427 atque
833 1356 1082 1427 undique
1126 1356 1417 1410 exclusus

503 1439 560 1495 3.
631 1437 876 1494 similiter
921 1437 1052 1493 Ilor.
1087 1446 1187 1493 sat.
1219 1437 1284 1508 11,
1317 1437 1377 1508 3,
1412 1437 1531 1494 179
1573 1444 1890 1510 praeterea
1936 1453 2010 1494 ne
2055 1454 2155 1494 vos
2199 1439 2384 1495 titillet
2411 1441 2621 1513 ylaria,

240 1551 248 1556 ·
336 1528 460 1580 iure
503 1526 754 1579 iurando
799 1524 1146 1596 obstrinyam
1191 1524 1372 1578 ambe.

501 1607 561 1664 4.
641 1609 1012 1677 Nomentani,
1070 1607 1141 1662 cs.
1190 1606 1251 1677 ll,
1298 1608 1357 1663 5.
1415 1637 1499 1646 —
1557 1609 1799 1677 exculpi
1839 1623 1938 1679 pro
1986 1610 2257 1677 exculpsi
2309 1604 2465 1681 (quae
2508 1610 2621 1682 ipsa

337 1693 504 1748 forma
549 1694 822 1748 invenitur
866 1692 1008 1762 raro)
1066 1683 1360 1767 ἀρχαϊκαῖς
1408 1698 1471 1745 ut
1515 1694 1670 1762 elepi
1722 1707 1822 1764 pro
1882 1694 2080 1762 clepsi.
2169 1691 2430 1747 Pacuvius
2489 1692 2620 1747 Her-

337 1780 541 1833 miona:
590 1792 908 1834 sermonem
951 1778 1047 1832 hic
1092 1784 1348 1833 nostrum
1396 1792 1475 1832 eoe
1516 1779 1741 1832 occulto
1785 1778 1977 1846 clepit,
2023 1782 2299 1848 quantum
2328 1779 2622 1849 intelle90;

335 1862 399 1918 cs.
449 1862 631 1916 Herm.
681 1878 869 1934 opusc.
915 1861 998 1931 ΙΙΙ,
1037 1861 1187 1929 119;
1234 1860 1489 1915 dissentit
1518 1860 1810 1933 Madvigius
1857 1860 1922 1915 ad
1953 1859 2059 1915 Cic.
2093 1859 2160 1914 (16
2192 1858 2281 1914 fin.
2316 1860 2356 1913 V
2389 1860 2490 1933 25,
2517 1860 2614 1917 74.

335 1963 460 2002 sane
504 1948 561 2001 in
605 1938 888 2019 Pomponii
934 1947 1129 2001 maccis
1173 1946 1401 2018 geminis
1445 1944 1718 2018 prioribus
1764 1943 1897 2000 illud
1941 1948 2175 2016 erepsti,
2223 1961 2330 2000 non
2364 1950 2652 2018 erepisti,·

331 2032 485 2086 Nonii
530 2038 586 2086 et
616 2029 837 2086 Charisii
881 2029 1141 2085 librorum
1188 2029 1511 2102 corruptelis
1557 2029 1768 2084 videtur
1798 2030 1993 2083 asseri:
2041 2028 2205 2100 ‘quin
2251 2031 2394 2086 bono
2429 2035 2616 2087 animo

333 2114 451 2172 es’!
493 2146 578 2156 —
625 2116 841 2184 ‘videm
890 2117 1108 2184 erepsti
1143 2114 1413 2184 prz'miter
1450 2116 1521 2169 de
1560 2112 1898 2184 pannibus’.
1970 2112 2057 2168 ubi
2097 2112 2207 2183 ille,
2255 2115 2344 2186 qui
2377 2115 2616 2187 pariendi

333 2200 550 2256 verbum
583 2200 825 2273 perfecto
869 2198 1063 2272 ‘parui'
1103 2198 1308 2268 ditavit,
1354 2197 1487 2253 nihil
1519 2199 1724 2254 veniam
1756 2198 2026 2271 praefatus
2057 2197 2243 2253 scribit
2271 2215 2391 2253 cum
2426 2200 2616 2255 Vossio

335 2281 635 2358 ‘ere'pisti’,
675 2300 795 2339 ·nec
837 2282 1102 2338 intellexit
1146 2282 1276 2338 haec
1330 2299 1428 2356 per
1470 2281 1766 2337 diverbium
1812 2283 2111 2356 composita
2165 2298 2316 2354 esse,
2377 2292 2437 2339 ut
2481 2284 2618 2340 alter

332 2369 506 2441 alteri,
554 2371 648 2442 qui
693 2368 841 2422 illum
874 2384 1192 2441 quamquam
1224 2369 1280 2421 in
1310 2384 1369 2422 re
1398 2366 1681 2440 desperata
1711 2366 1911 2422 bonum
1946 2366 2095 2422 iubet
2127 2367 2321 2423 hahere
2361 2369 2615 2440 animum,

330 2452 622 2526 exprobret
668 2469 788 2507 eum
836 2469 944 2507 non
975 2453 1144 2524 magis
1189 2467 1377 2525 sapere
1423 2468 1578 2524 quam
1626 2468 1854 2524 puerum
1883 2451 2161 2506 bimulum.
2237 2455 2514 2524 ecdicam,
2557 2458 2614 2510 in

327 2541 616 2610 publicum
667 2539 1007 2611 proferam,
1067 2555 1165 2611 pro
1213 2539 1513 2610 exdicam,
1573 2543 1634 2591 ut
1691 2537 1926 2610 ecferre
1981 2552 2291 2593 ecscreare
2334 2539 2486 2608 sim.;
2541 2541 2614 2595 ita

332 2623 493 2679 habes
538 2625 595 2678 in
640 2630 859 2678 senatus
904 2622 1156 2678 consulto
1202 2621 1269 2675 (16
1298 2619 1709 2676 Bacchanalibus
1741 2623 2158 2679 exdeicendum
2189 2629 2244 2676 et
2273 2624 2613 2680 exdeicatiS.
2646 2643 2650 2647 *

423 2745 428 2749 -
500 2707 555 2763 5.
632 2709 732 2780 qui
773 2708 1008 2780 positum
1040 2715 1101 2761 ut
1145 2706 1229 2776 Vl,
1263 2705 1362 2761 21.
1439 2704 1640 2760 Ennius
1687 2705 1956 2779 Telepho:
2004 2709 2104 2778 qui
2143 2709 2300 2762 illum
2344 2708 2407 2763 di
2444 2710 2613 2763 deae-

330 2809 438 2865 que
480 2791 687 2865 mayno
730 2791 1069 2847 mactassz'nt
1109 2794 1289 2854 malo,-
1333 2789 1517 2845 Cicero
1564 2789 1628 2844 ad
1673 2790 1785 2847 Att.
1813 2790 1923 2871 llll,
1957 2792 2018 2862 7,
2054 2790 2085 2844 1
2136 2794 2236 2862 qui
2262 2794 2348 2847 illi
2373 2793 2434 2847 di
2458 2796 2613 2848 irati.

330 2877 541 2933 videtur
585 2885 763 2940 autem
809 2893 919 2931 non
964 2876 1190 2948 reperiri
1233 2891 1333 2948 pro
1366 2875 1589 2945 utinam,
1634 2876 1741 2929 nisi
1784 2876 1836 2930 in
1871 2874 2138 2945 formuliS,
2186 2892 2320 2948 quae
2351 2884 2444 2931 aut
2476 2876 2615 2932 hene

330 2969 420 3017 aut
477 2960 614 3017 male
671 2958 826 3015 alicui
881 2962 1265 3032 imprecemur.
1324 2988 1400 2997 -
1455 2959 1839 3023 Nomentane3
1896 2957 2119 3015 videnda
2177 2976 2313 3031 quae
2367 2960 2617 3018 dicentur

330 3046 467 3101 infra
512 3045 580 3101 ad
625 3045 754 3100 Hor.
800 3053 901 3101 sat.
934 3043 997 3116 11,
1034 3045 1091 3116 1,
1126 3043 1221 3099 21.
1276 3073 1345 3083 -
1394 3046 1606 3100 malum
1651 3045 1867 3115 generis
1899 3043 2076 3100 neutri
2108 3043 2174 3099 (16
2206 3044 2423 3101 homine
2455 3045 2614 3101 male-

328 3130 449 3186 fico.
538 3132 612 3185 ita
658 3128 783 3185 alibi
823 3131 1022 3185 lutum.
1090 3159 1165 3168 —
1224 3144 1496 3191 cercera;
1552 3130 1675 3201 quia
1733 3128 1786 3183 id
1833 3145 1953 3184 cum
1999 3128 2190 3184 Santra
2235 3137 2508 3203 repeteret
2550 3128 2609 3184 L.

326 3206 442 3270 ἀπὸ
473 3219 577 3270 τοῦ
608 3209 971 3290 καρκαίρειν.

499 3316 557 3374 6.
631 3319 967 3372 iniuriatum
1011 3332 1132 3371 cum
1179 3315 1430 3388 synizesi.
1479 3345 1555 3354 —
1616 3315 1805 3389 glosae
1849 3314 2074 3370 Labbaei
2116 3317 2326 3371 iniurio
2371 3305 2609 3390 ὖβρίζω.

328 3433 408 3441 —
455 3410 697 3457 ceterum
730 3400 834 3456 suit
862 3417 982 3455 cum
1012 3399 1351 3455 scribendum
1383 3416 1503 3455 esse
1533 3401 1892 3455 existimarem
1922 3404 2051 3456 iure
2080 3403 2309 3455 iratum.
2361 3429 2436 3438 -
2486 3403 2611 3456 ani-

325 3503 589 3559 mamque
634 3487 853 3542 elisisse
896 3488 1005 3547 illi,·
1052 3484 1146 3541 Ov.
1180 3493 1392 3539 metam.
1425 3484 1530 3551 ΧΙΙ,
1564 3484 1686 3542 508
1733 3488 2098 3555 vivacemque
2142 3487 2389 3539 animam
2429 3486 2615 3541 missis

327 3574 514 3627 elidite
570 3573 756 3632 silvis‚·
813 3568 967 3642 Apul.
1015 3576 1228 3623 metam.
1271 3568 1425 3640 VlIII,
1467 3569 1546 3626 38
1605 3571 1829 3626 crebris
1868 3570 2075 3624 ictibus
2126 3572 2412 3639 impuram
2458 3571 2614 3625 elidit

325 3658 510 3712 divitis
553 3659 821 3711 animam.

497 3740 555 3796 7.
644 3741 1025 3801 Hortensius,·
1088 3738 1231 3793 idem
1288 3745 1453 3812 puto,
1512 3740 1605 3811 qui
1661 3739 1902 3811 tangitur
1954 3739 2059 3792 inc.
2126 3737 2220 3793 lib.
2291 3737 2451 3811 srgm.
2513 3738 2611 3796 38.

326 3825 376 3879 id
418 3827 466 3879 si
511 3826 584 3879 ita
630 3824 823 3894 hahet,
879 3822 1213 3878 Postumium
1261 3822 1410 3877 illum
1455 3840 1563 3878 non
1611 3820 1804 3876 Auium
1850 3823 2166 3895 Spuriumve
2212 3821 2489 3892 Albinum,
2548 3839 2608 3878 ex

325 3907 657 3982 principibus
703 3896 955 3977 civitatiS,
1006 3907 1100 3962 sed
1145 3906 1383 3979 plebeiae
1431 3908 1593 3962 sortis
1642 3907 1909 3961 homiuem
1955 3906 2126 3962 fuisse
2170 3905 2608 3962 existimabimus,

324 4024 409 4035 --
456 3995 704 4063 cubare,
763 4009 874 4048 non
929 4000 1075 4047 recte
1132 3990 1198 4046 de
1241 4000 1466 4065 aegroto
1524 3992 1730 4065 cogitat
1774 3991 1984 4063 Dousa,
2040 4007 2380 4046 cum-sermo
2428 3992 2501 4046 sit
2545 3991 2610 4045 (16

327 4085 547 4135 mortuo
593 4094 769 4150 eoque
813 4076 1119 4150 supposit0.

498 4163 556 4220 8.
626 4162 938 4233 MoetinuS,
985 4162 1075 4233 qui
1119 4159 1261 4233 apud
1305 4160 1522 4216 Festum
1573 4159 1690 4215 154
1751 4169 1803 4215 et
1849 4160 1991 4233 apud
2035 4159 2276 4231 reliquos
2320 4159 2612 4222 Muluius,-

329 4248 382 4302 h.
415 4264 465 4304 e.
495 4248 770 4316 Priapus.
815 4276 890 4285 --
935 4245 1004 4301 cf.
1039 4244 1106 4300 (16
1135 4244 1375 4311 Μαιμηο
1412 4245 1633 4301 Tutuno
1666 4241 1824 4300 Salm.
1860 4261 2016 4299 exerc
2064 4243 2331 4298 Plinianae
2360 4260 2452 4316 pg.
2487 4243 2606 4300 219

328 4339 385 4388 et
413 4331 704 4387 Muellerus
751 4346 885 4404 quae
914 4331 1117 4385 notavit
1164 4329 1228 4383 ad
1258 4328 1474 4410 Festum
1517 4337 1572 4388 et
1601 4328 1822 4387 Paulum
1859 4327 1994 4388 155.
2047 4359 2121 4367 --
2170 4334 2232 4388 ut
2269 4331 2611 4390 lurcaretur
