3267 5075
635 346 841 404 XVIII
1085 337 1615 402 QUAESTIONUM
1655 337 2216 393 LUCILIANARUM
2252 338 2484 391 LIBER.

640 509 884 566 veterno
904 507 1289 565 resuscitaret
1316 526 1493 582 quam
1512 507 1719 582 primis
1739 528 1888 582 opus
1910 510 2041 565 erat
2068 506 2347 565 subsidiis
2377 506 2599 565 talibus
2632 498 2723 584 (et
2749 506 2940 563 fuisse

640 616 771 672 tum
798 613 1014 673 Lucilii
1042 617 1535 674 commentatores
1564 613 1726 671 haud
1755 633 1974 688 paucos
2005 615 2176 672 docet
2205 612 2433 671 Gellius
2463 613 2538 686 H,
2565 615 2664 685 24,
2691 603 2775 691 5),
2807 632 2944 687 spo-

638 709 818 779 liasse
861 721 1020 779 omni
1061 721 1307 797 pignore
1351 720 1731 793 adfirmarim.
1804 739 1874 778 ea
1914 722 2118 777 autem
2160 720 2380 794 partim
2418 739 2489 777 ex
2531 719 2942 794 grammaticis

639 828 1016 901 potissimum
1055 847 1201 886 saec.
1233 849 1283 886 a.
1316 827 1451 885 Chr.
1490 828 1682 902 primi,
1722 827 1943 902 partim
1982 827 2223 901 propria
2251 828 2505 885 lectione
2543 817 2688 901 quin
2714 826 2947 883 fuerint

641 937 982 1008 comparata
999 934 1159 992 haud
1180 936 1444 993 dubium.
1491 954 1586 992 res
1616 935 1891 992 firmatur
1920 953 2004 1006 eo,
2036 934 2193 1008 quod
2222 954 2357 992 cum
2385 935 2546 993 haud
2577 953 2718 992 sane
2749 952 2944 1008 pauca

640 1060 746 1100 nec
775 1032 1028 1100 obscura
1054 1042 1357 1100 doctrinae
1385 1029 1672 1099 Varronis
1703 1044 1765 1099 et
1790 1040 1987 1098 Verrii
2015 1042 2272 1117 vestigia
2309 1045 2639 1117 appareant
2670 1042 2734 1099 in
2760 1040 2945 1099 Nonii

608 1143 890 1224 sylloge,
931 1148 1088 1222 apud
1117 1148 1273 1207 hunc
1310 1149 1530 1223 ubique
1568 1143 1694 1205 fere
1732 1148 1920 1205 additi
1949 1151 2090 1205 sunt
2124 1149 2416 1208 librorum
2443 1147 2660 1207 Lucilii
2688 1147 2943 1219 numeri,

641 1254 856 1329 quibus
895 1254 984 1312 illi
1021 1257 1239 1313 carent.
1295 1255 1548 1313 maxime
1587 1257 1790 1312 autem
1825 1254 2144 1314 interesset
2181 1259 2386 1315 nostra
2415 1257 2563 1314 scire
2601 1256 2754 1313 unde
2782 1255 2948 1330 frag-

626 1350 843 1418 'menta
871 1361 1131 1435 quinque
1169 1362 1459 1420 librorum
1498 1363 1847 1421 ultimorum
1882 1381 2035 1436 quae
2072 1382 2259 1437 paene
2299 1364 2460 1421 solus
2491 1363 2755 1422 servavit
2784 1381 2947 1419 sum-

642 1469 846 1542 pserit.
916 1487 1067 1542 quae
1104 1468 1343 1543 quidem
1381 1488 1515 1526 cum
1555 1471 1639 1527 eis
1679 1489 1750 1526 ex
1786 1469 1953 1527 libris
1991 1469 2287 1544 prioribus
2331 1470 2546 1544 quibus
2586 1469 2946 1544 praefigitur
2969 1529 2982 1536 κ

642 1575 911 1633 Lucilius
939 1575 1084 1633 libro
1114 1576 1330 1634 omisso
1359 1577 1647 1635 vocabulo
1676 1581 2012 1649 satyrarum
2045 1595 2116 1634 ex
2144 1597 2261 1635 uno
2292 1578 2615 1651 eodemque
2646 1595 2940 1635 commen-

642 1684 836 1740 tatore
879 1681 1093 1740 Lucilii
1122 1686 1384 1757 ‘sumpta
1438 1684 1627 1741 habeo
1685 1702 2054 1758 persuasum.
2117 1716 2190 1723 —-
2253 1684 2402 1741 illud
2446 1685 2602 1741 enim
2644 1685 2944 1742 mordicus

643 1783 981 1861 tenendum,
1021 1788 1178 1864 quod
1207 1789 1348 1847 olim
1376 1791 1592 1862 monui,
1640 1793 2050 1865 excerptorum
2089 1810 2239 1865 quae
2287 1791 2516 1849 Nonius
2562 1791 2825 1849 servavit
2867 1810 2943 1849 116

642 1915 829 1952 unum
868 1895 1109 1970 quidem
1146 1915 1386 1955 versum
1426 1897 1685 1971 exceptis
1723 1897 2316 1955 fortasse.nonnullis
2349 1898 2569 1955 saeculi
2597 1900 2733 1971 post
2761 1897 2946 1955 Fron-

644 2003 844 2069 tonem
882 2003 1192 2058 auctorum
1228 2002 1372 2059 locis
1412 2002 1487 2059 ab
1525 2002 1629 2059 illo
1661 2003 1915 2062 electum
1945 2022 2016 2060 ex
2045 2004 2188 2077 ipsis
2230 2004 2584 2078 scriptorum
2613 2004 2799 2076 libris,
2838 2005 2945 2061 sed

646 2127 782 2165 eum
824 2127 933 2167 sua
974 2107 1172 2165 omnia
1213 2127 1284 2165 ex
1327 2107 1578 2165 aliorum
1615 2109 2141 2183 grammaticorum
2178 2111 2529 2185 compilasse
2564 2109 2939 2168 adversariis.

646 2215 984 2273 testimonio
1013 2215 1123 2273 hoc
1152 2215 1310 2289 quod
1339 2215 1513 2273 modo
1544 2213 1903 2288 Ciceronem,
1932 2218 2107 2275 modo
2137 2217 2215 2275 M.
2247 2217 2526 2289 Tullium,
2556 2215 2711 2274 1111116
2744 2215 2946 2274 Catul-

646 2322 789 2393 lum,
820 2323 966 2380 alias
999 2320 1303 2382 Catullum
1332 2321 1755 2394 Veronensem,
1798 2325 1858 2380 et
1885 2341 2062 2396 quem
2090 2324 2418 2397 plurimum
2446 2323 2797 2399 Vergilium,
2838 2324 2944 2380 ali-

647 2430 882 2504 quando
912 2432 1085 2489 vocat
1113 2429 1434 2487 Maronem.
1495 2430 1556 2486 et
1583 2428 1799 2489 Lucilii
1836 2429 2075 2504 quidem
2112 2431 2302 2488 multa
2331 2449 2367 2487 a
2396 2428 2587 2487 Gellio
2620 2429 2944 2503 sumpsisse

648 2537 909 2596 Nonium
929 2539 1110 2613 vulgo
1131 2540 1358 2596 notum.
1408 2537 1683 2611 deinceps
1703 2538 2032 2595 notandum
2063 2556 2198 2595 eum
2226 2538 2289 2595 in
2316 2537 2546 2596 Lucilio
2573 2540 2645 2595 ut
2671 2537 2733 2595 in
2752 2536 2944 2594 Ennio

650 2665 717 2703 ac
746 2645 1013 2720 Vergilio
1043 2644 1263 2718 duplici
1295 2646 1707 2717 excerptorum
1744 2664 1963 2719 genere
2002 2664 2194 2702 usum.
2251 2664 2390 2702 nam
2410 2645 2608 2727 *altera
2646 2645 2944 2717 excerpto-

648 2773 781 2809 rum
826 2752 1056 2827 sylloge
1099 2752 1342 2809 annales
1391 2754 1629 2808 tantum
1672 2750 1850 2808 Ennii
1893 2752 2412 2826 complectebatur,
2466 2771 2639 2825 porro
2683 2749 2941 2817 Maronis

649 2860 912 2931 aeneida,
953 2858 1205 2933 denique
1234 2857 1446 2916 Lucilii
1485 2858 1670 2916 libros
1710 2858 1937 2932 priores
1975 2859 2085 2915 XX
2128 2878 2262 2916 cum
2305 2857 2491 2929 XXII,
2537 2859 2725 2916 altera
2761 2855 2942 2913 etiam

620 2954 916 3024 'scaenica
971 2968 1032 3023 et
1078 2965 1316 3024 satirica
1352 2965 1529 3023 Ennii
1572 2966 1848 3038 carmina,
1903 2968 2215 3039 praeterea
2256 2965 2523 3023 bucolica
2566 2968 2628 3023 et
2667 2961 2946 3038 georgica

570 3149 574 3153 .
652 3072 931 3144 MaroniS,
963 3071 1106 3129 item
1136 3071 1350 3129 Lucilii
1380 3090 1582 3129 omnes
1611 3072 1795 3130 libros
1826 3076 2064 3147 praeter
2092 3072 2246 3146 XXI,
2277 3072 2494 3144 XXIII,
2525 3070 2735 3142 XXIV,
2765 3069 2947 3126 XXV.

659 3211 731 3219 —
776 3180 928 3237 hanc
965 3178 1068 3252 qui
1106 3178 1371 3252 confecit,
1411 3198 1527 3252 quo
1566 3179 1850 3239 brevitati
1886 3179 2236 3251 consuleret,
2276 3178 2490 3237 Lucilii
2527 3179 2710 3237 libros
2749 3177 2949 3251 appel-

651 3285 816 3357 lavit,
847 3285 948 3343 ille
981 3287 1321 3360 satyrarum
1349 3285 1551 3344 libros.
1608 3287 1938 3344 notandum
1967 3288 2167 3344 autem
2199 3285 2459 3344 Nonium
2487 3285 2596 3343 hac
2627 3285 2857 3359 sylloge
2887 3283 2948 3339 in

653 3392 949 3467 prioribus
978 3392 1118 3449 XXI
1154 3391 1322 3450 libris
1362 3392 1550 3450 multo
1592 3394 1828 3468 saepius
1866 3412 2042 3451 usum
2080 3411 2259 3467 quam
2298 3393 2502 3450 altera.
2559 3390 2828 3449 in‘tertio
2859 3408 2950 3447 ca-

654 3500 777 3574 pite
818 3518 953 3556 611111
993 3518 1168 3556 11611111
1209 3499 1398 3558 videri
1435 3499 1643 3558 Flavio
1684 3498 1874 3575 Capro
1916 3518 2097 3574 supra
2125 3499 2473 3574 memoravi3
2514 3499 2617 3556 sed
2646 3517 2720 3556 116
2759 3497 2952 3554 60111111

654 3605 987 3664 adhibitum
1019 3607 1248 3667 statuas
1280 3624 1349 3664 ea
1376 3625 1441 3663 re
1468 3606 1800 3680 prohibere,
1841 3607 1999 3680 quod
2029 3609 2090 3664 et
2117 3607 2300 3665 libros
2331 3626 2367 3664 a
2394 3604 2592 3663 XXVI
2619 3605 2755 3662 inde
2785 3621 2960 3680 praa,

654 3714 748 3768 ter
776 3710 940 3767 XXX
967 3730 1330 3786 quamquam
1359 3732 1492 3772 raro
1522 3715 1830 3786 memorat,
1869 3712 2085 3788 quibus
2114 3731 2291 3771 usum
2318 3711 2577 3787 Caprum
2606 3731 2724 3770 non
2750 3713 2954 3786 potest

656 3817 861 3877 evinci.
909 3837 1085 3892 porro
1114 3818 1164 3875 16
1196 3837 1376 3892 1111110
1406 3820 1756 3880 ultimorum
1784 3819 1840 3876 V
1867 3820 2158 3878 librorum
2186 3819 2443 3893 sumpsit
2468 3801 2812 3878 testimonia
2835 3817 2954 3876 Lu-

656 3924 825 3983 cilius
855 3925 1103 3983 cancelli
1130 3924 1193 3981 in
1220 3926 1462 3983 modum
1490 3927 1796 4002 ingressus
1829 3946 1866 3984 a
1892 3927 1932 3984 1.
1961 3926 2127 3984 XXX
2154 3945 2264 3984 sua
2289 3928 2449 3985 retro
2479 3928 2828 4001 persecutus
2858 3928 2955 3983 661

653 4032 1009 4105 testimonia,
1055 4051 1185 4090 eam
1227 4034 1373 4106 puto
1417 4033 1491 4091 ob
1536 4051 1780 4092 causam
1824 4034 1981 4109 quod
2025 4036 2155 4090 erat
2193 4033 2449 4108 scriptus
2487 4033 2721 4091 heroico
2758 4035 2953 4091 metro

656 4138 919 4197 omnium
955 4139 1495 4216 pervulgatissimo.
1553 4139 1689 4198 hinc
1729 4142 1803 4199 ad
1842 4140 2037 4198 XXIX
2077 4143 2138 4197 et
2165 4139 2423 4198 XXVIII
2459 4141 2561 4215 qui
2589 4139 2790 4197 mixtis
2820 4157 2955 4199 con-

657 4245 899 4304 stabant
927 4246 1234 4322 dactylicis
1263 4248 1469 4306 metris
1501 4250 1562 4305 et
1587 4248 1899 4307 trochaicis
1928 4248 2314 4324 iambicisque
2344 4247 2664 4323 descendit,
2698 4222 2956 4321 denique

656 4354 731 4411 ad
759 4352 942 4411 libros
972 4353 1198 4410 XXVII
1228 4356 1288 4411 et
1315 4353 1526 4425 XXVI,
1566 4353 1671 4412 ubi
1700 4354 1810 4413 6011
1847 4356 2119 4431 optinent
2146 4354 2425 4414 trochaei.
2473 4354 2535 4413 in
2565 4353 2850 4428 exemplis
2882 4371 2956 4411 ex
