3267 5075
1213 370 1443 425 FALSO
1482 372 1924 435 ADSCRIPTA..
2575 373 2696 437 167

1472 533 1626 598 XXI

583 646 731 712 Acr.
793 648 874 712 ad
933 647 1088 713 Hor.
1146 654 1263 713 sat.
1318 648 1408 733 Π,
1468 652 1530 733 1,
1586 650 1698 714 22:
1780 649 2286 716 Pantolabum
2359 674 2695 717 scurram

370 759 1119 848 Nomentanumque
1193 767 1567 849 nepotem:
1642 766 1907 830 nomina
1980 769 2133 831 sunt
2203 767 2694 850 luxuriosorum,

371 899 564 960 quos
612 878 685 942 in
728 878 940 961 priore
984 879 1150 944 libro
1206 880 1400 944 etiam
1457 879 1792 962 [Lucilius]
1849 881 2102 965 carpsit.
2160 919 2242 927 —-
2297 880 2526 946 Lucilii
2580 904 2693 946 no-

368 1014 551 1056 men
600 992 835 1057 delevit
887 992 955 1059 G.
1008 993 1077 1058 F.
1124 993 1554 1061 Hermannus.
1656 996 1943 1060 additum
1997 997 2063 1061 id
2118 1019 2157 1060 a
2210 996 2446 1088 scriba,
2502 1019 2692 1080 quem

368 1107 657 1194 fugeret
703 1108 1074 1174 adverbium
1112 1111 1341 1175 etiam
1387 1111 1704 1194 pertinere
1742 1110 1822 1175 ad
1858 1101 2015 1175 illud
2060 1111 2138 1175 in
2174 1112 2426 1195 priore
2472 1112 2690 1176 libro,

1252 1260 1440 1325 XXII
1488 1262 1636 1341 [inc.
1683 1262 1836 1342 171]

577 1376 659 1439 ad
705 1374 861 1440 Hor.
909 1379 1025 1440 sat.
1070 1375 1152 1459 H,
1200 1378 1252 1460 1,
1289 1377 1377 1440 30
1421 1376 1551 1441 ille
1598 1377 1809 1441 velut
1852 1377 2037 1442 fidis
2085 1399 2362 1443 arcana
2408 1378 2684 1442 sodali-

365 1491 529 1554 bus
612 1491 793 1555 olim
865 1491 1222 1556 credebat
1290 1491 1511 1556 libris
1583 1491 1744 1558 haec
1814 1493 2118 1577 leguntur
2191 1493 2512 1577 adscripta
2585 1515 2684 1576 ap.

363 1604 722 1670 Acronem
787 1605 951 1690 (eius
1016 1607 1213 1671 verba
1275 1606 1626 1671 secundum
1690 1606 1954 1691 Cruquii
2017 1608 2243 1672 damus
2308 1605 2686 1692 exemplar):

362 1720 510 1786 hoc
569 1719 916 1785 Lucilius
981 1743 1059 1785 ex
1121 1721 1528 1786 Anacreonte
1591 1722 1790 1786 traxit
1852 1725 1918 1786 et
1976 1721 2217 1788 Alcaeo
2282 1720 2716 1807 Sapphoque,⁴

365 1834 659 1899 Graecis
704 1835 946 1920 lyricis,
1000 1859 1160 1920 quos
1217 1837 1310 1901 ait
1353 1836 1778 1901 Aristoxenus
1833 1835 1956 1922 (ita
2001 1838 2248 1922 Dousa‚
2294 1835 2684 1901 Aristoxe-

363 1972 519 2014 nes
573 1950 740 2035 cdd.)
786 1951 968 2014 libris
1013 1951 1291 2034 propriis
1339 1950 1691 2015 amicorum
1736 1952 1879 2016 loco
1926 1975 2076 2017 usos
2124 1974 2279 2017 esse.
2327 1989 2412 1999 —-
2467 1953 2537 2015 in
2582 1952 2683 2016 his

362 2065 558 2130 falso
603 2084 845 2130 nomen
886 2064 1117 2130 Lucilii
1147 2065 1492 2149 'irrepsisse
1528 2087 1607 2130 ex
1640 2067 1949 2149 proximis
1996 2068 2252 2133 ‘dicitur
2288 2067 2460 2131 enim
2499 2088 2684 2131 suam

361 2182 593 2246 vitam
639 2181 968 2264 scripsisse
1013 2182 1085 2245 in
1129 2202 1318 2265 opere
1364 2203 1479 2245 suo
1526 2183 1593 2244 et
1633 2203 1768 2246 non
1816 2182 1938 2246 sibi
1982 2182 2364 2267 pepercisse’
2417 2183 2685 2265 apparet

362 2320 457 2362 ex
498 2296 714 2379 verbis
749 2296 1209 2380 Porphyrionis
1256 2296 1423 2360 unde
1467 2296 1581 2360 illa
1625 2296 1841 2362 ducta:
1891 2303 1971 2362 ε11.
2013 2298 2055 2362 f.
2095 2321 2148 2362 a.
2187 2321 2261 2380 s.3
2307 2296 2681 2361 Aristoxeni

362 2411 710 2505 sententia
756 2413 871 2475 est.
960 2411 1066 2474 ille
1113 2410 1284 2474 enim
1338 2411 1408 2474 in
1463 2411 1595 2474 suis
1644 2412 1897 2496 scriptis
1955 2413 2238 2477 ostendit
2285 2411 2678 2492 [Anacreon-

361 2531 518 2593 tem
567 2522 655 2613 et]
710 2524 1121 2612 Sapphonem
1167 2528 1233 2591 et
1275 2523 1586 2591 Alcaeum
1631 2526 1963 2592 volumina
2009 2551 2126 2592 sua
2169 2528 2313 2593 loco
2361 2526 2678 2592 sodalium

363 2641 708 2709 habuisse.
771 2680 855 2688 —-
919 2665 976 2706 v.
1021 2665 1082 2725 p.
1127 2664 1186 2706 v.
1232 2641 1289 2705 d.
1335 2645 1379 2705 t.
1426 2665 1483 2707 v.
1530 2663 1604 2725 s.;
1673 2642 1767 2706 ita
1818 2642 1894 2705 fit
1948 2644 2020 2705 ut
2069 2642 2298 2707 Lucilii
2351 2642 2484 2706 vita
2541 2644 2679 2707 tam

362 2760 561 2825 clara
605 2758 693 2822 sit
736 2779 849 2841 per
892 2757 1110 2840 libros,
1155 2779 1349 2841 quam
1396 2756 1450 2820 si
1495 2757 1565 2821 in
1609 2757 1834 2822 tabula
1877 2757 2095 2822 votiva
2140 2756 2553 2822 ostendatur!

909 2967 920 2974 ι
1415 2922 1633 2988 XXIII
1800 2977 1809 2986 .

562 3042 798 3106 Acron.
845 3041 925 3104 ad
970 3039 1124 3104 Hor.
1173 3062 1267 3124 ep.
1313 3039 1395 3123 Π,
1434 3041 1493 3123 3,
1531 3040 1680 3123 237,
1717 3040 1784 3104 8:
1833 3038 2072 3103 audax
2118 3037 2460 3122 Pythias:
2488 3027 2672 3125 ¹quac

364 3181 540 3225 ausa
586 3159 688 3221 est
731 3156 980 3220 eludere
1027 3156 1358 3220 dominum
1405 3177 1617 3238 suum3
1664 3175 1798 3218 non
1844 3153 1999 3218 dicit
2042 3154 2118 3218 de
2159 3153 2396 3237 Pythia
2439 3153 2673 3218 Teren-

362 3275 587 3356 tiana3
637 3272 748 3337 sed
796 3270 965 3354 apud
1011 3268 1356 3335 Caecilium
1411 3269 1531 3355 (ita
1576 3268 1876 3353 Orellius‚
1929 3266 2304 3333 Lucilium
2350 3266 2515 3352 cdd.)
2569 3291 2671 3333 co-

363 3385 959 3472 moediographum
1002 3386 1326 3450 inducitur
1371 3384 1604 3449 ancilla
1649 3405 1763 3467 per
1810 3384 2078 3448 astutias
2116 3383 2400 3467 accipere
2440 3383 2671 3468 ⁴argen-

363 3508 519 3568 tum
566 3524 605 3565 a
651 3473 931 3566 domino.
1002 3523 1155 3565 nam
1199 3500 1428 3564 fefellit
1471 3500 1802 3563 dominum
1850 3522 2036 3562 suum
2083 3501 2147 3561 et
2193 3498 2438 3581 accepit
2473 3498 2555 3561 ab
2595 3520 2669 3562 eo

366 3617 633 3702 argenti
677 3615 1021 3698 talentum3
1065 3615 1190 3678 fuit
1235 3616 1406 3679 enim
1452 3615 1609 3679 haec
1657 3613 1877 3678 eadem
1914 3613 2319 3677 meretricula
2352 3636 2552 3697 rapax
2599 3616 2672 3677 ut

366 3732 598 3815 Thais,
648 3753 824 3816 quae„
856 3721 1103 3795 lucrum
1149 3731 1319 3795 fecit.

1212 3889 1428 3954 XXIV
1475 3890 1622 3971 [inc.
1673 3890 1825 3970 140]

559 4005 817 4071 Servius
873 4005 953 4070 ad
1000 4019 1136 4069 aen.
1190 4003 1247 4090 Ι,
1299 4006 1450 4089 181,
1498 4006 1563 4069 2:
1611 4004 1914 4068 Anthea
1960 4004 2248 4088 siquem
2295 4004 2664 4067 iactatum

369 4124 604 4185 vento
650 4120 920 4184 videat.
1009 4121 1164 4184 item
1210 4120 1276 4184 in
1322 4118 1593 4183 Lucilio:
1650 4121 1715 4184 et
1759 4140 1949 4203 quem
2004 4118 2267 4203 (rectius
2323 4118 2492 4182 docti
2548 4139 2664 4182 ec·

374 4234 622 4323 quem)
667 4234 1078 4319 Pamphilum
1123 4234 1418 4320 quaeris?
1469 4272 1552 4280 —-
1601 4256 1815 4319 quem
1859 4237 2061 4299 vacat.

556 4351 713 4416 haec
751 4351 960 4437 verba,
1010 4373 1170 4437 quae
1206 4350 1375 4437 trim.
1413 4349 1605 4416 iamb.
1643 4350 1741 4413 vel
1780 4350 1980 4414 troch.
2018 4347 2393 4434 septenariis
2431 4346 2661 4413 discer-
