3267 5075
983 364 1437 423 TESTIMONIA
1474 366 1569 422 DE
1609 363 1921 422 LUCILIO.
2471 363 2590 428 171

1404 530 1499 596 IV

482 644 766 711 Macrob.
811 645 928 730 ΠΙ,
979 648 1081 731 16,
1131 647 1236 712 14:
1289 645 1356 712 O.
1403 647 1629 732 Titius,
1676 647 1775 712 vir
1821 646 2051 712 aetatis
2096 644 2481 729 Lucilianae,
2527 644 2595 709 in

312 761 599 827 oratione
646 784 775 848 qua
818 763 1027 850 legem
1072 762 1388 828 Fanniam
1435 764 1655 829 suasit.

1420 878 1485 944 V

483 995 681 1060 codex
724 992 1326 1079 Montepessulanus
1371 993 1533 1082 (non
1579 972 2046 1080 sangallensis)
2092 994 2287 1059 schol.
2332 993 2467 1057 Iuv.
2514 992 2595 1057 ad

310 1114 424 1176 sat.
475 1113 532 1194 1,
578 1112 666 1176 20
719 1110 1147 1195 Auruncae3
1202 1110 1518 1176 Lucilium
1573 1108 1922 1197 (Lucium
1966 1107 2193 1195 codex)
2249 1109 2596 1194 satyricum

308 1226 460 1291 dicit
514 1227 625 1311 qui
678 1226 802 1290 fuit
854 1225 1195 1291 Auruncus
1251 1226 1317 1291 id
1372 1230 1470 1290 est
1515 1225 1779 1291 Tuscus,
1833 1262 1921 1272 -—
1975 1224 2063 1289 ibi
2120 1224 2366 1290 Tuscus
2425 1223 2595 1288 idem

308 1341 475 1426 quod
539 1340 741 1405 Italus
805 1344 879 1405 ut
933 1363 1121 1425 saepe
1190 1340 1360 1425 apud
1415 1344 1735 1405 extremae
1800 1334 2028 1405 aetatis
2094 1339 2453 1423 scriptores.
2507 1375 2600 1389 ——-

307 1456 554 1521 Probus
594 1454 857 1540 Georgii
890 1454 1119 1520 Vallae
1156 1456 1237 1520 ad
1273 1456 1335 1520 h.
1371 1456 1438 1521 l.:
1483 1454 1824 1520 Lucillium
1861 1455 2031 1538 dicit,
2068 1457 2141 1519 ut
2177 1455 2263 1519 sit
2287 1454 2595 1519 Aurunca

306 1594 421 1656 pro
465 1571 658 1636 Italia
705 1570 1196 1655 synecdochicos
1242 1572 1471 1656 posita.
1518 1609 1602 1618 -
1650 1571 1896 1656 reliqua
1932 1592 2095 1656 quae
2132 1570 2217 1636 ib.
2254 1592 2333 1635 ex
2368 1569 2593 1635 eodem

307 1689 492 1753 affert
534 1686 729 1765 Valla
773 1708 984 1774 nugae
1029 1709 1259 1752 merae.
1711 1666 1715 1673 ⁸
2338 1686 2343 1689 ⁴

1227 1803 1322 1868 VI
1370 1805 1474 1885 [cf.
1525 1805 1678 1884 181]

481 1919 550 1983 Ρ.
610 1919 691 1984 ad
728 1918 809 1983 H.
846 1918 930 2002 ΙΙ,
971 1921 1024 2002 1,
1064 1918 1148 1984 75
1192 1918 1363 1983 infra
1396 1917 1601 1984 Lucili
1638 1941 1929 1984 censum:
1975 1919 2099 1983 hoc
2136 1918 2228 1982 ait
2273 1917 2418 1981 ‘etsi
2457 1939 2593 1982 non

306 2058 449 2100 sum
492 2057 717 2100 eorum
760 2034 1092 2118 natalium,
1137 2056 1410 2120 quorum
1453 2033 1604 2098 Luc.
1649 2033 1812 2098 fuit!
1889 2037 2145 2098 constat
2192 2033 2365 2097 enim
2408 2031 2593 2098 Luci-

303 2151 462 2216 lium
497 2151 807 2216 maiorem
852 2150 1239 2214 avunculum
1282 2147 1435 2236 (om.
1470 2147 1674 2235 Mon.)
1717 2148 1944 2234 Magni
1989 2145 2158 2233 (add.
2195 2146 2292 2234 M)
2327 2146 2594 2232 Pompei

303 2267 518 2331 fiiisse.
608 2265 846 2330 etenim
901 2264 1046 2330 avia
1098 2262 1364 2349 Pompei
1416 2264 1622 2330 Lucili
1678 2286 1861 2329 soror
1913 2264 2141 2329 fuerat.
2187 2301 2272 2310 --
2319 2263 2466 2328 Acr.
2513 2263 2594 2328 ad

306 2383 490 2447 eund.
547 2383 587 2445 l.
645 2381 814 2446 ideox
844 2380 997 2465 quia
1048 2379 1253 2444 fertur
1304 2379 1586 2446 Lucilius
1649 2380 1855 2444 maior
1916 2376 2070 2465 (om.
2124 2379 2323 2444 PariS.
2391 2376 2593 2464 7975)

305 2497 654 2563 avunculus
706 2495 908 2561 fuisse
961 2494 1228 2579 Pompei
1281 2494 1522 2581 Magni.
1625 2495 1855 2560 merito
1912 2515 2064 2582 ergo
2122 2497 2187 2560 et
2231 2493 2406 2559 dives
2452 2493 2592 2559 fuit.

307 2650 391 2659 —
444 2614 615 2677 idem
674 2612 756 2677 ad
809 2612 895 2677 29
955 2614 1251 2676 nostrum
1305 2610 1587 2676 melioris
1643 2613 1943 2695 utroque:
2006 2610 2131 2675 fuit
2184 2611 2356 2674 enim
2409 2609 2591 2675 valde

304 2729 537 2793 nobilis
582 2726 893 2811 LuciliuS‚
959 2730 1182 2810 utpote
1245 2726 1355 2811 qui
1413 2729 1583 2791 esset
1643 2724 1869 2811 Magni
1921 2722 2189 2809 Pompei
2241 2725 2590 2790 avunculus

304 2844 522 2930 (avus
568 2840 672 2928 v.).

1335 2979 1344 2988 ·
1382 2955 1511 3020 VII

478 3074 762 3140 Velleius
799 3072 881 3157 Π,
918 3074 1029 3139 29:
1075 3072 1199 3138 fuit
1233 3070 1339 3136 hic
1374 3069 1776 3158 (Pompeius)
1813 3071 2068 3157 genitus
2106 3075 2310 3137 matre
2347 3071 2593 3137 Lucilia

308 3191 521 3275 stirpis
569 3187 949 3255 senatoriae.

1248 3310 1409 3377 VIH
1455 3312 1640 3393 [177]

477 3428 799 3494 Asconius
853 3421 925 3490 in
978 3425 1303 3492 Ciceronis
1348 3425 1765 3492 Pisonianam
1827 3448 1933 3512 pg.
1984 3426 2065 3491 13
2121 3427 2215 3491 ed.
2270 3425 2437 3494 Bait.
2450 3428 2479 3491 ε’
2526 3430 2592 3492 et

305 3544 606 3609 Antiochi
650 3543 823 3628 regis
868 3542 1003 3606 filio
1050 3542 1259 3607 obsidi
1304 3542 1566 3607 domum
1610 3541 1864 3626 publice
1910 3541 2310 3607 aedificatam
2363 3540 2590 3628 (popu-

305 3659 435 3724 lum
479 3657 871 3724 concessisse
916 3658 1205 3741 tradunt,
1260 3658 1430 3723 inter
1470 3681 1631 3743 quos
1677 3656 1931 3721 Atticus
1978 3656 2048 3722 in
2094 3655 2380 3744 annale),
2427 3681 2589 3743 quae

304 3777 523 3858 postea
567 3773 801 3840 dicitur
845 3772 1073 3838 Lucilii
1118 3777 1344 3857 poetae
1389 3774 1604 3838 fuisse.

619 3973 631 3983 .
1374 3897 1519 3980 [IX]

478 4011 632 4094 [Cic.
670 4012 748 4078 de
786 4035 878 4078 or.
911 4012 995 4097 ΙΙ,
1027 4014 1084 4097 7,
1112 4012 1269 4078 284:
1317 4013 1428 4078 sed
1464 4034 1541 4076 ex
1576 4012 1679 4077 his
1718 4013 2018 4079 omnibus
2054 4014 2148 4078 nil
2184 4014 2392 4099 magis
2429 4013 2588 4078 ride-

302 4130 423 4211 tur,
467 4150 661 4212 quam
707 4128 877 4212 quod
924 4132 1023 4198 est
1065 4131 1320 4212 praeter
1365 4128 1934 4213 exspectationem3
1991 4130 2170 4195 cuius
2224 4129 2586 4193 innumera-

304 4242 457 4306 bilia
519 4246 672 4307 sunt
725 4243 1042 4327 exempla,
1095 4244 1195 4308 vel
1250 4243 1422 4328 Appi
1476 4243 1738 4340 maioris
1792 4243 1992 4326 illius,
2055 4243 2165 4327 qui
2217 4243 2287 4306 in
2342 4247 2588 4328 senatu,

305 4379 447 4423 cum
494 4360 792 4445 ageretur
844 4358 920 4423 de
976 4359 1148 4445 agris
1193 4359 1467 4443 publicis
1522 4362 1587 4424 et
1632 4359 1709 4424 de
1763 4359 1905 4445 lege
1949 4358 2189 4424 Thoria
2234 4360 2299 4423 et
2342 4381 2587 4444 preme·

2854 4577 3145 4932 f
