3267 5075
727 364 857 431 286
1330 364 1427 423 EX
1466 365 1702 425 LIBRIS
1741 365 2098 426 INCERTIS.
2170 368 2408 426 DUBIA.

722 538 922 609 petitus
965 553 1029 591 ex
1074 535 1374 610 comoedia,
1423 548 1481 593 ut
1524 539 1826 611 antiquitus
1870 540 2133 611 scriptum
2179 539 2345 595 luerit
2384 524 2565 609 labia,
2614 557 2713 613 pro
2745 556 2844 613 quo
2881 557 2979 614 pas·

717 622 815 675 sim
863 619 1066 676 librarii
1120 637 1417 694 reposuere
1474 624 1647 679 labra
1707 631 1767 678 ut
1811 639 1896 697 ap.
1948 621 2153 694 Charis.
2199 623 2284 681 80
2335 625 2390 679 in
2436 622 2614 681 Plauti
2670 633 2725 679 et
2774 625 2977 680 Terentii

720 704 983 776 versibus,
1028 705 1129 777 nisi
1174 707 1343 778 ipsius
1375 705 1689 781 Hieronymi
1719 716 1805 763 est
1834 724 2021 763 error.·
2082 724 2201 764 nam
2233 709 2336 764 nisi
2367 707 2578 782 publice
2623 710 2678 764 in
2722 709 2978 783 spectanda

717 788 894 846 l'almla
940 791 1105 845 risum
1151 789 1302 846 illum
1348 790 1488 847 fudit
1535 791 1790 862 Crassus,
1836 792 2031 848 mirum
2083 793 2266 849 hercle
2312 792 2502 854 samam
2549 795 2627 849 rei
2673 810 2803 867 quae
2842 793 2975 849 silen-

720 876 797 929 tio
856 883 924 952 ut
974 879 1491 949 tegeretur'magno
1550 876 1714 932 vellet
1771 885 2012 949 emptum
2071 878 2215 932 intor
2270 877 2564 951 populares
2620 877 2976 952 percrebuisse.

716 989 799 999 -—
845 961 1078 1015 similem
1121 960 1333 1015 habent
1376 963 1672 1018 lactucam
1714 962 1917 1024 hebr-113
1960 963 2031 1016 ita
2079 961 2242 1017 malui
2285 961 2544 1035 scrihere,
2574 980 2659 1018 ‘ne
2703 962 2976 1019 allitteratio

717 1042 1101 1115 intercideret,
1158 1061 1318 1116 quam
1361 1045 1533 1100 labra
1578 1062 1625 1101 s.
1671 1046 1728 1101 h.
1775 1048 1850 1108 1.‚·
1903 1054 2147 1101 ceterum
2191 1045 2470 1120 legitimus
2530 1046 2667 1103 ordo
2727 1046 2974 1103 verborum

716 1129 847 1201 quin
904 1126 969 1181 ah
1025 1130 1169 1202 ipso.
1204 1128 1529 1202 Hieronymo
1588 1132 1662 1185 sit
1718 1130 1965 1202 turbatus
2021 1147 2130 1186 non
2185 1131 2487 1188 intercedo.
2590 1149 2709 1188 nam
2763 1131 2976 1187 similiter

718 1213 930 1285 saepius
975 1212 1158 1286 lapsus
1189 1212 1331 1269 idem
1362 1213 1645 1271 afferendis
1678 1213 1920 1270 versibus
1948 1215 2160 1287 priscis.
2209 1244 2293 1257 —
2337 1223 2620 1288 praeterea
2652 1233 2784 1289 quae
2809 1214 2972 1272 ibidem

719 1305 979 1352 memorat
1025 1297 1383 1372 Hieronymus
1429 1297 1588 1355 verba
1637 1301 1966 1372 paroemiae:

974 1427 1201 1481 accessit
1246 1425 1372 1482 huic
1416 1425 1647 1500 patellae
1692 1425 1917 1501 dignum
1963 1426 2314 1502 operculum,

718 1557 1013 1630 ingenuum
1060 1556 1206 1612 vides
1264 1555 1482 1630 explere
1537 1557 1844 1613 trimetrum
1904 1573 1967 1612 ex
2020 1556 2298 1614 comoedia
2353 1556 2532 1630 aliqua
2587 1567 2874 1633 sumptum,
2924 1567 2966 1612 ut

720 1640 977 1714 pleraque
1021 1639 1303 1714 proverbia
1347 1640 1557 1714 Latina,
1601 1641 1671 1697 de
1715 1657 1820 1714 qua
1866 1658 1924 1697 re
1969 1640 2093 1700 alibi
2136 1642 2374 1715 plenius,

895 1725 1031 1781 142.
1106 1741 1315 1809 seg-ena
1361 1727 1513 1782 caeli
1549 1729 1767 1784 lumina
1815 1743 1861 1782 e.
1897 1743 1949 1799 q.
1981 1744 2027 1782 s.
2078 1756 2153 1766 —
2203 1726 2368 1783 Varro
2415 1726 2537 1802 lege
2582 1727 2803 1793 Maeuia:

974 1871 1075 1911 nos
1120 1855 1472 1926 admiranteS,
1523 1854 1669 1929 quod
1715 1871 1909 1912 sereno
1954 1854 2159 1912 lumine

975 1942 1275 2013 tonuisset,
1322 1940 1493 1995 oculis
1537 1940 1669 1996 caeli
1714 1941 1893 1996 rimari
1938 1940 2141 2015 plagas,

719 2073 864 2126 salsi
900 2069 1126 2141 fretus,·
1172 2069 1299 2125 haec
1344 2071 1455 2142 ipsa
1502 2067 1660 2125 verba
1706 2085 1771 2124 ex
1814 2068 2005 2126 Porcio
2050 2068 2234 2128 Licino
2280 2081 2542 2128 memorat
2583 2071 2805 2131 Plinium
2844 2087 2971 2126 secu-

721 2164 807 2210 tus
853 2153 1123 2209 Charisius
1173 2153 1324 2221 103;
1381 2170 1480 2209 nec
1526 2162 1702 2209 tamen
1747 2153 1814 2209 de
1859 2171 2044 2217 errore
2090 2155 2247 2213 Nonii
2301 2156 2652 2230 cogitandum
2708 2158 2796 2231 qui
2845 2171 2970 2213 nutu·

716 2255 875 2312 quam
921 2240 1093 2294 utitur
1136 2236 1307 2293 verbis
1353 2237 1545 2294 Porcii.
1599 2267 1672 2278 —
1721 2240 1864 2301 salsi
1902 2257 2004 2312 pro
2048 2243 2222 2304 salis,-
2275 2243 2348 2297 ita
2407 2240 2601 2298 melius
2643 2239 2882 2298 scribitur
2919 2237 2969 2293 ad
3153 2267 3157 2300 ι

716 2322 1003 2379 arcendum
1047 2322 1171 2378 loco
1217 2324 1407 2396 quinto
1461 2322 1777 2379 vocabulum
1834 2322 2142 2388 iambicum
2199 2325 2359 2383 simul
2415 2327 2787 2385 concinnitatis
2837 2339 2969 2397 ergo,

717 2418 777 2464 ut
820 2407 1149 2481 respondeat
1196 2407 1299 2463 hoc
1343 2407 1625 2481 epitheton
1672 2407 1916 2481 et-·qu0d
1960 2409 2024 2463 ad
2069 2411 2285 2484 lumina
2317 2409 2559 2467 additum
2591 2410 2866 2484 praecedit.
2907 2438 2965 2447 —

714 2503 954 2550 ceterum
1011 2493 1096 2549 hic
1151 2493 1339 2549 versus
1396 2508 1506 2566 quo
1556 2493 1825 2568 pertineat
1883 2492 2040 2567 plane
2096 2496 2381 2552 incertum.
2480 2496 2768 2570 qualitates
2821 2504 2966 2551 tamen

716 2579 941 2634 diversis
972 2578 1153 2633 mundi
1187 2576 1427 2651 partibus
1457 2594 1555 2633 seu
1585 2577 1898 2634 communes
1928 2579 2041 2635 sive
2072 2578 2307 2637 diversas
2351 2580 2644 2655 significari
2685 2582 2967 2647 existimem,

719 2674 778 2720 ut
822 2679 908 2736 ap.
953 2661 1111 2719 Lucr.
1160 2666 1309 2719 sicut
1353 2666 1409 2718 in
1456 2662 1694 2719 aethere
1738 2681 1850 2719 non
1899 2664 2106 2736 arbor,
2154 2683 2268 2722 non
2298 2681 2570 2739 ,aequore
2616 2667 2766 2723 salso
2799 2667 2968 2736 pisces

715 2756 842 2805 esse
886 2756 1120 2823 queunt.

888 2833 1029 2892 143.
1112 2832 1413 2905 Ταρρᾶῖα,
1474 2841 1532 2889 ιιι
1575 2836 1818 2905 ῑίρρτῖῑα.
1880 2864 1953 2873 —-
2015 2851 2334 2900 concerae;
2389 2838 2461 2895 ita
2517 2853 2603 2910 ap.
2658 2834 2862 2891 Paulum
2900 2830 2966 2886 40

707 2934 1025 2980 ·cerrones,·
1082 2917 1202 2975 297
1250 2927 1426 2974 tamen
1471 2916 1684 2974 videtur
1737 2926 1922 2974 extare
1965 2919 2099 2975 illud
2154 2910 2472 2995 conyeraej
2532 2920 2619 2976 ubi
2662 2916 2963 2977 scribendum

718 3012 882 3078 puto:
926 3004 1073 3059 idem
1118 3005 1272 3075 quod
1312 3012 1520 3060 coeant
1542 3003 1758 3058 crebro
1803 3020 2092 3076 conyerae
2137 3002 2241 3075 (cd.
2284 3022 2519 3080 conyre,
2566 3023 2615 3061 v.
2661 3002 2964 3078 conflet-rae)

718 3090 921 3145 vocari
962 3089 1114 3144 soliti
1155 3106 1191 3143 a
1237 3087 1334 3145 Gr.
1382 3088 1682 3159 vocabulo,
1728 3090 1880 3161 quod
1923 3096 2006 3145 est
2048 3083 2252 3166 γε’ῤῥα.
2299 3121 2384 3131 --
2428 3090 2571 3165 apud
2604 3091 2822 3147 Nonium
2859 3082 2961 3154 1118

716 3181 1021 3249 agnoscunt
1075 3170 1194 3228 libri
1253 3181 1336 3227 ter
1389 3188 1634 3247 yet-ram
1691 3172 1761 3228 ih.
1808 3175 1863 3230 in
1921 3173 2093 3230 verbis
2151 3173 2322 3231 Plauti
2378 3174 2802 3231 Guelferbitanus
2852 3169 2963 3225 libet·
3025 3217 3032 3227 .

716 3258 933 3314 exhibet
978 3260 1284 3331 conpar-ius
1327 3273 1515 3320 metm,-
1571 3256 1950 3331 Lugdunensis
1997 3260 2146 3332 prior
2191 3264 2428 3333 conyeri
2485 3264 2672 3317 omnia
2717 3262 2855 3315 eius:
2899 3252 2956 3309 id.

716 3361 785 3398 m.
839 3344 875 3398 2
922 3357 1275 3415 εοηρενναες
1321 3340 1409 3397 uhi
1454 3341 1600 3400 docti
1644 3359 1926 3417 conqerro
1972 3360 2147 3401 meus.

889 3427 1030 3487 144.
1106 3426 1157 3482 id
1205 3426 1360 3483 dicit:
1405 3428 1704 3500 piscatores
1752 3429 1956 3503 thynno
2000 3437 2160 3505 capto
2205 3429 2418 3490 cohium
2465 3439 2526 3486 ut
2558 3430 2714 3487 vilem
2754 3430 2953 3486 mittunt.

716 3545 797 3553 —-
843 3514 1172 3571 excludunt.
1212 3511 1415 3584 foras;
1468 3510 1692 3567 Plautus
1748 3514 1858 3569 mil.
1906 3513 1982 3571 81
2043 3517 2145 3587 qui
2197 3523 2388 3572 autem
2442 3518 2775 3573 auscultare
2813 3512 2954 3583 nolet,

717 3605 998 3671 cccsurqal
1038 3596 1240 3671 foras;
1284 3598 1353 3653 cl'.
1402 3605 1458 3653 et-
1502 3596 1643 3654 333.

3151 3484 3153 3493 -
3150 3384 3153 3415 m-
3148 3250 3154 3365 -5
3150 3151 3154 3223 -„-
3146 3078 3154 3119 ὴ-
3149 2980 3155 3049 μ-,-

1734 3769 1963 3898 ραι-ι.

887 3943 943 4006 2.
1016 3947 1299 4022 sepullum
1342 3955 1523 4008 morte
1551 3965 1841 4026 meroque,
1887 3945 2137 4029 ὕστερον
2176 3943 2477 4030 πρότερον.
2553 3950 2790 4011 similiter
2825 3944 2948 4019 Verg.

716 4052 833 4094 aen.
882 4036 945 4108 ll,
992 4035 1113 4092 265
1157 4038 1440 4093 invadunt
1482 4038 1681 4093 urbem
1724 4054 1917 4094 somno
1962 4042 2204 4111 vinoque
2248 4040 2566 4111 sepultam,-
2610 4049 2663 4096 et
2692 4037 2832 4094 Hom.
2860 4031 2948 4087 Lat·

653 4153 657 4158 ·
719 4122 752 4178 7
761 4122 842 4177 30
872 4126 1068 4193 ‘ipsum
1114 4132 1306 4177 somno
1350 4122 1591 4193 vinoque
1634 4125 1936 4194 sepultum.

884 4206 945 4261 4.
1014 4213 1358 4288 rnctantum
1402 4205 1720 4280 improbavit
1764 4208 1900 4263 hanc
1944 4207 2168 4263 sormam
2211 4208 2424 4279 Festus,
2470 4226 2535 4264 ex
2582 4226 2688 4283 quo
2731 4208 2846 4263 haec
2880 4214 2952 4255 ex·

663 4361 664 4364 ¹
716 4295 897 4365 cer-pta
942 4290 1101 4346 hahet
1146 4289 1342 4346 Paulus
1388 4290 1510 4346 263
1554 4299 1796 4348 ructare
1840 4310 1952 4349 non
2007 4297 2235 4349 ructari
2279 4295 2576 4353 dicendum
2628 4302 2726 4350 est.
2807 4289 2952 4345 Grac*-

718 4392 822 4429 cus
866 4375 1144 4451 (Flaccus
1186 4374 1303 4430 cdd.
1351 4373 1529 4448 Pauli,
1588 4376 1727 4450 apud
1774 4376 1994 4435 Festum
2048 4379 2311 4453 primores
2369 4377 2504 4434 duae
2558 4379 2761 4435 litterae
2800 4374 2954 4430 lacuna
