3267 5075
1351 384 1569 439 LIBER
1612 387 1656 439 Ι.
2611 383 2651 445 3

534 601 578 610 ..
601 590 640 611 .,
662 590 700 610 c
748 568 866 610 nec
912 547 968 610 si
1014 543 1387 610 Carneaden
1432 546 1644 629 ipsum
1694 543 1877 609 Orcu'
1924 544 2213 608 remittat

534 659 603 745 (1.
648 660 682 725 I
725 662 884 727 haec
928 662 1160 727 tribuit
1202 659 1353 746 Dp).

1342 776 1437 842 XI
1486 774 1574 864 [7]
1608 798 1664 863 g.

532 893 694 957 haec
742 892 851 958 ubi
899 893 1070 958 dicta
1116 892 1317 978 dedit,
1361 915 1633 978 pausam
1677 893 1837 958 facit
1883 914 1993 959 ore
2037 892 2361 978 loquendi.

450 982 472 1001 ⁸
1168 1017 1299 1083 XII
1348 1015 1493 1105 [inc.
1545 1014 1697 1104 143]
1746 1017 1838 1082 h*

535 1131 793 1198 Servius
839 1134 921 1197 ad
967 1156 1105 1198 aen.
1143 1133 1280 1217 111,2
1306 1133 1430 1197 119
1477 1132 1746 1217 pulcher
1772 1131 2037 1218 Apollo:
2084 1132 2346 1216 quidam
2390 1133 2658 1217 pulcher

340 1248 594 1333 Apollo
630 1248 963 1334 epitheton
1001 1248 1223 1313 datum
1260 1246 1552 1332 Apollini
1587 1247 2094 1333 reprehendunt3
2135 1248 2439 1332 pulchros
2484 1249 2656 1313 enim

343 1387 392 1427 a
447 1364 772 1428 veteribus
828 1364 1112 1428 exoletos
1177 1363 1399 1428 dictos.
1497 1386 1652 1427 nam
1707 1366 1773 1427 et
1828 1365 1996 1447 apud
2050 1362 2366 1428 Lucilium
2420 1364 2654 1446 Apollo

340 1480 619 1564 pulcher
664 1480 791 1544 dici
842 1502 975 1543 non
1027 1480 1168 1543 vult
1220 1478 1331 1564 (ad
1385 1480 1652 1575 deorum
1707 1479 2050 1544 concilium
2102 1480 2172 1544 in
2224 1481 2267 1545 l.
2319 1479 2353 1544 I
2408 1480 2657 1544 rettulit

340 1594 840 1660 Bouterwekius
886 1618 969 1660 m.
1016 1595 1136 1660 Rh.
1183 1594 1354 1680 XXI,
1382 1594 1560 1681 341).

1319 1710 1479 1775 XIII
1526 1711 1621 1792 [5]
1653 1712 1676 1774 i

536 1850 665 1912 quo
711 1829 1020 1912 populum
1066 1828 1272 1913 adque
1320 1828 1546 1891 urbem
1591 1831 1781 1911 pacto
1830 1848 2083 1891 servare
2130 1827 2391 1910 potissit

396 1943 482 2008 15
533 1942 792 2027 ampliu'
838 1943 1217 2007 Romanam.

1294 2058 1450 2123 XIV
1498 2061 1637 2140 [18]
1668 2060 1713 2122 k

528 2197 783 2296 serpere
830 2175 925 2238 uti
970 2194 1304 2260 gangrena
1348 2176 1590 2239 malum
1639 2175 1850 2259 adque
1887 2174 2247 2258 herpestica
2279 2180 2528 2258 posset.

1294 2289 1417 2354 XV
1465 2292 1604 2371 [10]
1633 2291 1703 2354 l*

526 2406 660 2490 cui,
709 2407 763 2469 si
810 2407 1115 2490 coniuret,
1161 2406 1436 2490 populus
1483 2407 1589 2470 vix
1633 2405 1794 2470 totu'
1843 2407 2000 2471 satis
2049 2407 2149 2470 sit.

704 2604 713 2611 ο
1276 2520 1432 2600 XVI
1480 2523 1618 2604 [20]
1650 2546 1717 2587 ιιι

527 2638 842 2703 infamam
887 2638 1126 2702 veitam
1171 2642 1550 2722 turpemque
1598 2639 1809 2703 odisse
1855 2639 2181 2722 popinam.

1300 2752 1489 2818 XVII
1537 2755 1632 2835 [6]
1663 2777 1709 2818 n

527 2931 568 2939 -
585 2918 842 2939 „„„„„
896 2873 971 2933 ut
1014 2870 1252 2934 multos
1297 2891 1677 2953 mensesque
1724 2869 2010 2953 diesque,

390 2986 483 3049 20
528 3007 663 3050 non
707 2988 928 3048 tamen
975 2988 1278 3085 aetatem,
1323 2988 1773 3069 tempestatem
1818 2984 1986 3048 hanc
2033 2969 2332 3049 scelerosi

531 3100 862 3165 mirentur.

342 3260 427 3310 XI
462 3259 602 3309 Non.
638 3261 750 3321 158,
772 3263 803 3311 6
830 3276 1041 3326 pausa
1069 3265 1152 3310 est
1187 3261 1342 3324 quies
1371 3260 1609 3311 alicuius
1642 3261 1742 3311 rei.
1789 3261 1987 3311 Accius
2007 3288 2072 3296 —
2093 3260 2405 3311 Lucilius
2434 3265 2648 3325 satyra-

341 3343 467 3376 rum
490 3326 586 3377 lib.
606 3327 648 3381 Ι.
722 3327 854 3378 XIII
881 3327 1166 3379 Charisius
1188 3330 1283 3379 176
1308 3328 1597 3394 amplius
1621 3327 1935 3380 Lucilius
1963 3334 2270 3380 saturarum
2287 3329 2417 3382 1.-
2438 3327 2649 3380 scholia

340 3395 690 3445 Veronensis.
707 3395 777 3445 ad
794 3412 913 3447 aen.
932 3395 1059 3460 XII,
1079 3397 1180 3447 680
1202 3396 1482 3461 amplius
1507 3396 1564 3446 id
1588 3402 1674 3447 est
1695 3396 1919 3459 diutius,
1942 3396 2189 3448 ulterius.
2234 3396 2562 3447 Lucilius.

262 3498 271 3503 .
340 3462 478 3513 XIV
512 3462 653 3513 Non.
686 3466 798 3525 117,
824 3467 885 3515 21
924 3478 1256 3529 gangrena
1279 3470 1366 3515 est
1389 3479 1584 3515 cancer
1623 3465 1881 3525 (carcer
1914 3465 1958 3514 L
1985 3463 2057 3528 2).
2104 3464 2424 3516 Lucilius
2452 3465 2554 3525 (ita
2578 3480 2647 3526 v„

344 3530 467 3580 cdd.
494 3531 704 3581 Lucre
720 3530 878 3594 tius)
905 3537 1209 3595 satyrarum
1231 3531 1323 3582 lib.
1351 3532 1396 3582 Ι.
1490 3533 1590 3582 XV
1615 3531 1771 3586 Char.
1801 3535 1897 3583 193
1922 3533 2057 3584 satis
2084 3532 2360 3597 accipitur
2385 3523 2517 3584 ἀντὶ
2543 3531 2647 3583 τοῦ

341 3614 463 3663 par.
518 3598 766 3649 Lucilius
792 3604 1095 3651 saturarum
1116 3599 1171 3661 (l
1193 3600 1220 3649 I
1241 3599 1432 3650 tribuit
1451 3597 1596 3664 Dp..)
1677 3600 1807 3650 XVI
1841 3599 1981 3651 Non.
2008 3602 2120 3663 161,
2143 3603 2207 3650 14
2228 3600 2529 3681 popinones
2554 3599 2646 3651 vel

344 3666 439 3715 hic
466 3666 572 3727 (ita
596 3668 642 3716 L
666 3671 691 3716 1
718 3682 784 3716 m.
815 3670 859 3728 1,
884 3667 950 3717 hi
975 3667 1050 3727 v.)
1088 3683 1224 3732 quos
1249 3682 1393 3718 nunc
1416 3668 1645 3717 dicimus
1671 3667 2027 3731 tabernarios,
2056 3684 2091 3719 a
2114 3668 2351 3733 popinis,
2376 3668 2463 3718 vel
2486 3667 2648 3719 luxu·

341 3734 684 3853 ῗὲἓὶἓῗὲξῗ
700 3706 1187 3867 ξὲἕέἒέἳᾷἰῖῗῗῖ
1200 3735 1789 3869 ..tasuaassssssfiiss
1797 3735 2264 3855 ⁸11¹{P11230132'Jt
2272 3737 2562 3870 ἕὲἳξξ.
2580 3737 2647 3840 2-‘3

521 3962 598 4019 12
646 3980 757 4019 non
802 3963 1109 4020 Carneaden
1152 3965 1198 4020 si
1242 3965 1313 4021 R.
1364 3994 1440 4003 —
1488 3963 1721 4020 dimittat
1765 3964 1841 4021 B.
1975 3964 2052 4022 13
2102 3965 2231 4021 facit
2275 3967 2405 4023 add.
2454 3968 2641 4037 docti,

345 4067 450 4106 om.
498 4050 627 4105 cdd.
773 4049 850 4104 13
897 4066 950 4122 q.
997 4057 1213 4122 pactum
1259 4065 1387 4122 pop.
1440 4057 1603 4122 atque
1651 4065 1704 4104 u.
1754 4050 1842 4105 ed.
1890 4048 2066 4107 Char.
2116 4081 2186 4090 -
2237 4058 2644 4124 pactosserva1·e

345 4135 583 4207 potisset
608 4134 699 4190 cd.
744 4133 1103 4190 Veronensis.
1208 4132 1286 4190 15
1335 4174 1347 4186 .
1378 4175 1391 4188 .
1419 4132 1559 4206 plius
1601 4133 1807 4190 Veron.
1916 4135 1991 4191 16
2023 4134 2223 4191 malum
2247 4136 2327 4201 M,
2351 4134 2493 4191 malo
2521 4137 2648 4191 cdd.

341 4249 429 4262 ·-
469 4217 706 4291 adquem
734 4218 782 4274 L
816 4217 867 4288 1,
908 4225 1070 4291 atque
1101 4219 1165 4275 G.
1312 4216 1389 4274 18
1430 4217 1682 4273 insamam
1711 4219 1904 4275 veitam
1934 4219 2018 4291 M,
2060 4220 2318 4276 insumam
2349 4227 2648 4294 egestatem

343 4304 542 4360 Lehm.
576 4318 628 4359 c.
662 4302 837 4359 Lucr.
856 4302 959 4374 99,
984 4303 1235 4359 infamam
1261 4302 1544 4359 honestam
1569 4305 1694 4360 cdd.
1787 4302 1868 4361 20
1896 4320 2017 4360 nam
2042 4312 2221 4362 tamen
2240 4303 2415 4361 Harl.
2441 4333 2528 4344 —
2554 4321 2649 4378 pe-

344 4395 543 4444 statem
575 4388 623 4444 L
651 4386 706 4442 1.
740 4417 816 4426 -—
849 4386 1111 4460 sceleros‚
1141 4388 1159 4443 i
1190 4389 1323 4445 add.
1351 4405 1423 4444 m.
1451 4386 1486 4442 2
1519 4389 1694 4452 idem,·
1715 4387 2051 4445 scelerosam
2080 4389 2492 4447 Franckenius
2515 4390 2568 4463 Ι,
2589 4388 2646 4445 5.

2150 4483 2218 4538 1*
