3267 5075
556 384 637 446 78
1129 380 1345 434 LIBER
1379 379 1578 433 XXIII.
1620 379 1840 432 XXIIII.
1881 378 2052 433 XXV.
2090 379 2290 434 XXVI.

1385 524 1711 597 LIBER
1763 525 2021 597 XXIII.

1604 654 1637 718 I
1736 656 1777 719 2

730 775 807 840 cf.
854 794 1015 859 quae
1060 774 1285 836 notata
1331 774 1482 835 sunt
1528 652 1608 833 ad
1638 651 1830 854 ]X[Ili,
1877 771 1936 835 8.

1479 968 1483 972 ,
1571 881 1681 970 [11]
1736 881 1824 970 [3]

732 1004 1001 1093 [Merula
1045 1004 1114 1067 in
1160 1002 1255 1067 ed.
1306 1000 1518 1066 annal.
1562 998 1732 1063 Enn.
1778 1020 1884 1085 pg.
1923 1001 2052 1065 602
2098 1003 2431 1086 tamquam
2477 1022 2511 1064 e
2558 1002 2845 1087 glosario

549 1122 815 1187 Forneri
862 1120 1078 1185 attulit
1121 1119 1306 1181 haec:
1360 1121 1626 1201 tongere
1683 1115 1887 1179 εἴδειν
1943 1114 2122 1199 (sicl)
2177 1115 2430 1180 Ennius
2487 1117 2558 1181 in
2601 1116 2846 1202 XVHI,

549 1238 830 1302 Lucilius
876 1237 946 1300 in
989 1230 1252 1319 XXIII].

1356 1420 1681 1493 LIBER
1732 1369 2028 1492 xxnn.

1393 1543 1717 1617 LIBER.
1778 1544 1996 1616 XXV.

1382 1668 1707 1742 LIBER.
1759 1668 2011 1740 XXVI.

1381 1807 1414 1872 I
1464 1805 1565 1893 [cf.
1610 1809 1734 1872 inc.
1784 1803 1934 1892 101]
1967 1805 2049 1871 a*

725 1975 1068 1998 „„„„„„
1111 1945 1230 1988 nec
1276 1923 1681 1987 doctissimis.
1771 1941 1946 1985 nam‘
1972 1920 2205 1986 Gaium

726 2039 1016 2104 Persium
1061 2040 1256 2103 haece
1299 2039 1510 2124 legere
1556 2039 1735 2122 11010,
1780 2036 2037 2101 Ι1111111111
2084 2036 2378 2122 Congum
2425 2042 2589 2107 volo.

1337 2153 1403 2217 Π
1452 2151 1553 2239 [cf.
1597 2155 1720 2217 inc.
1772 2149 1921 2239 101]
1952 2151 2040 2217 b*

728 2271 857 2337 Cic.
903 2271 980 2335 de
1035 2271 1143 2334 fin.
1188 2269 1239 2355 I,
1287 2270 1354 2334 3:
1409 2289 1526 2333 nec
1582 2290 1734 2332 vero
1790 2271 1863 2331 ut
1917 2271 2137 2331 noster
2191 2268 2473 2335 Lucilius
2530 2274 2845 2338 recusabo

549 2410 676 2472 quo
731 2388 943 2450 minus
1002 2407 1224 2450 omnes
1285 2408 1429 2449 mea
1492 2385 1731 2471 legant.
1839 2385 2088 2447 utinam
2154 2388 2322 2448 esset
2386 2386 2491 2449 ille
2554 2386 2843 2452 Persius!

551 2501 763 2587 Scipio
809 2524 960 2567 vero
1008 2505 1073 2565 et
1116 2500 1396 2565 Rutilius
1442 2490 1647 2565 multo
1695 2500 1889 2564 etiam
1926 2500 2162 2585 magis3
2210 2522 2482 2585 quorum
2527 2502 2635 2566 ille
2680 2502 2842 2569 iudi-

550 2619 719 2682 cium
763 2617 1186 2682 reformidans
1232 2616 1598 2681 Tarentinis
1656 2617 1747 2680 ait
1801 2637 1868 2679 se
1925 2618 1989 2679 et
2036 2614 2445 2680 Consentinis
2500 2621 2565 2680 et
2611 2616 2843 2683 Siculis
2907 2686 2912 2690 „

482 2736 489 2741 ’
551 2733 843 2797 scribere.
907 2732 1110 2797 facete
1137 2734 1194 2796 is
1225 2733 1498 2817 quidem,
1536 2733 1703 2796 sicut
1731 2731 1874 2795 alia.
1939 2731 2050 2794 sed
2085 2753 2291 2816 neque
2326 2735 2462 2795 tam
2501 2733 2671 2797 docti
2700 2736 2841 2796 tum

550 2852 759 2932 erant,
806 2847 897 2911 „ad
944 2871 1214 2932 quorum
1259 2847 1565 2912 iudicium
1612 2847 1993 2930 elaboraret,
2059 2849 2123 2909 et
2178 2851 2331 2910 sunt
2382 2848 2553 2912 illius
2601 2849 2841 2932 scripta

549 2965 814 3048 leviora,
860 2967 934 3026 ut
958 2962 1309 3027 *urbanitas
1357 2984 1609 3026 summa
1655 2965 1985 3046 appareat,
2032 2961 2323 3025 doctrina
2367 2936 2722 3027 mediocris

1515 3077 1612 3141 ΠΙ
1665 3074 1797 3163 [14]
1831 3100 1864 3141 9

725 3217 898 3259 1111119
942 3193 1164 3258 itidem
1209 3194 1516 3277 populum
1572 3214 1964 3276 aucupamur
2008 3192 2151 3266 istis
2206 3214 2350 3256 cum
2399 3194 2833 3277 scriptoribus,

725 3311 1044 3375 voluimus
1090 3331 1314 3393 capere
1361 3309 1647 3372 animum
1692 3308 1950 3371 illorum
2019 3358 2427 3378 -------

682 3472 711 3522 1
767 3469 979 3521 Plinius
1017 3469 1179 3534 praef.
1221 3472 1250 3520 7
1287 3472 1561 3533 praeterea
1596 3470 1683 3518 est
1730 3465 1989 3532 quaedam
2032 3466 2253 3532 publica
2299 3468 2464 3517 etiam
2508 3468 2838 3519 eruditorum

548 3539 785 3589 reiectio,
853 3540 1027 3588 utitur
1061 3538 1160 3587 illa
1196 3543 1250 3587 et
1286 3537 1359 3589 M.
1398 3535 1609 3585 Tullius
1647 3539 1802 3585 extra
1838 3550 2047 3585 omnem
2083 3535 2290 3598 ingenii
2325 3534 2495 3584 aleam
2537 3537 2750 3601 positus
2784 3541 2837 3586 et

547 3606 711 3672 (quod
746 3605 1016 3669 miremur)
1051 3621 1144 3671 per
1179 3605 1503 3655 advocatum
1547 3602 1857 3653 defenditur
1892 3635 1955 3643 -
1996 3602 2188 3668 quodsi
2222 3603 2327 3653 hoc
2362 3602 2707 3667 LuciliuS,
2745 3605 2838 3668 qui

548 3675 752 3739 primus
789 3673 1028 3723 condidit
1063 3673 1177 3723 stili
1212 3688 1430 3734 nasum,
1476 3670 1762 3720 dicendum
1806 3670 1910 3720 sibi
1947 3671 2190 3735 putavit,
2239 3669 2432 3720 Cicero
2467 3671 2838 3734 mutuandum,

547 3741 863 3806 praesertim
899 3756 1021 3790 cum
1054 3740 1118 3790 de
1153 3756 1211 3790 re
1248 3740 1467 3805 publica
1502 3738 1789 3802 scriberet,
1836 3743 2039 3804 quanto
2076 3754 2177 3789 nos
2218 3739 2496 3788 causatius
2541 3739 2610 3788 ab
2653 3737 2838 3804 aliquo

547 3809 728 3859 iudice
760 3807 1123 3857 defendimur?
1258 3808 1341 3859 111
1398 3807 1538 3858 Non.
1579 3808 1696 3868 253,
1734 3809 1797 3857 10
1832 3821 2062 3871 capere
2099 3805 2384 3857 delectare.
2457 3806 2734 3870 Vergilius
2770 3833 2836 3843 —·

723 3952 754 4006 1
804 3966 925 4006 nam
971 3949 1155 4005 Gaium
1201 3950 1284 4018 M,
1330 3949 1556 4006 Manium
1588 3970 1639 4007 v.
1689 3979 1764 3989 —-
1810 3948 2020 4004 Iunium
2050 3948 2245 4008 Ambr.
2285 3951 2456 4021 prim.
2590 3947 2626 4006 2
2673 3950 2839 4007 haece

549 4037 644 4108 M,
702 4037 834 4092 haec
885 4038 1149 4106 plerique
1201 4031 1353 4096 libri,
1412 4035 1515 4090 hoe
1568 4035 1757 4105 Mon„
1815 4051 1921 4090 om.
1972 4034 2229 4090 AmbrOS.
2281 4037 2454 4104 prim.
2500 4065 2582 4075 ——-
2627 4033 2838 4091 lunium

548 4121 814 4195 Congium
862 4126 964 4177 aut
1008 4118 1242 4175 Laelium
1286 4117 1562 4192 Congrum
1608 4121 1732 4175 cdd.
1780 4117 2086 4175 Hermolai
2121 4116 2386 4176 Barbari
2394 4143 2413 4183 ;
2457 4118 2694 4174 Laelium
2742 4118 2840 4174 De·

549 4208 743 4262 cimum
789 4221 868 4262 ex
913 4203 1190 4261 Cicerone
1233 4203 1492 4260 AmbrOS.
1527 4207 1702 4276 prim.
1749 4233 1831 4243 —-
1875 4202 2000 4259 volo
2047 4220 2152 4259 om.
2200 4203 2356 4260 Mon.
2534 4203 2572 4260 3
2623 4203 2837 4259 istidem

551 4291 715 4361 Gen„
761 4292 910 4346 liber
959 4290 1367 4347 Tornesianus.
1413 4319 1489 4327 —
1537 4288 1796 4362 populum
1828 4304 2157 4361 aucupamur
2201 4289 2317 4343 istis
2348 4304 2471 4344 cum
2502 4288 2585 4358 M,
2631 4286 2838 4361 populo

549 4375 710 4429 istum
759 4377 886 4430 cdd.
933 4380 1180 4445 excepto
1224 4375 1378 4447 quod
1424 4374 1595 4430 Torn.
1644 4391 1750 4428 om.
1798 4371 2020 4445 populo.
2194 4371 2233 4426 4
2278 4371 2527 4428 volumus
2576 4372 2719 4428 Gen.
