3267 5075
1385 387 1603 442 LIBER
1640 387 1733 442 III.
2296 454 2301 461 ,
2570 386 2703 452 205

414 573 532 613 aen.
586 555 711 625 vm,
762 554 903 624 420,
957 554 986 609 1
1039 556 1402 627 striduntque
1448 559 1719 611 cavernis
1763 560 2079 612 stricturae
2125 555 2438 630 Chalybum
2483 563 2536 612 et
2574 556 2704 628 for-

410 643 664 698 nacibus
715 643 862 714 iqnis
918 640 1154 694 anhelat
1220 637 1350 695 dicit
1405 641 1690 695 stricturas
1749 656 1871 696 esse
1935 647 2130 696 terram
2187 640 2314 696 ferri
2369 642 2422 696 iu
2477 657 2704 696 massam

412 732 679 781 coactam.
739 723 965 779 videnda
1012 724 1171 778 etiam
1218 739 1354 795 quae
1397 723 1610 796 profert
1653 723 1793 780 idem
1825 724 1888 779 ad
1919 725 1983 796 X,
2019 724 2160 781 174.
2221 742 2540 799 quamquam
2583 743 2705 780 sera

411 818 555 865 aetas
606 816 669 864 ut
715 809 840 864 Rut.
872 807 1020 863 Nam.
1054 807 1094 879 1,
1127 806 1249 864 353
1297 806 1444 880 quod
1475 807 1632 863 Nonii
1663 809 2166 882 interpretationem
2211 819 2395 866 secuta
2426 816 2530 879 est,
2577 809 2706 884 quid

411 894 646 949 mirum?

585 994 686 1050 22.
746 997 1014 1051 cantheri
1039 1010 1140 1067 pro
1175 996 1463 1051 cantherii
1503 1003 1564 1050 ut
1609 996 1660 1050 in
1694 995 1953 1052 vocabulo
1994 996 2202 1070 pridem
2233 1002 2454 1069 recepto
2485 1003 2540 1051 et
2570 1002 2702 1050 tam-

413 1097 575 1153 quam
606 1079 793 1134 Latina
824 1087 1037 1134 moneta
1070 1096 1354 1151 percusso,
1400 1087 1601 1135 mutata
1633 1082 1792 1136 etiam
1823 1098 2079 1141 consona.
2132 1112 2204 1148 —„
2255 1082 2552 1143 camber-i,-
2594 1089 2700 1135 tra-

408 1167 582 1220 ditum
629 1165 928 1237 antiquitus
961 1165 1250 1234 canthari,
1299 1162 1461 1236 idque
1508 1163 1739 1220 sortasse
1772 1167 1973 1236 verius,
2019 1167 2157 1222 sicut
2187 1167 2240 1221 in
2272 1164 2378 1220 illis
2409 1157 2725 1236 machina,⁸

407 1252 612 1322 playa,
659 1250 906 1306 Latona.
983 1247 1256 1303 fatendum
1303 1255 1481 1303 tamen
1528 1249 1656 1304 alias
1703 1247 1901 1323 ubique
1947 1259 2001 1305 et
2046 1250 2178 1306 adeo
2221 1267 2304 1324 ap.
2340 1250 2515 1323 ipsum
2547 1247 2702 1305 Luci-

410 1333 541 1389 lium
589 1333 627 1390 l.
674 1331 764 1387 XV
808 1333 1031 1406 reperiri
1078 1334 1462 1390 cantherium.

582 1433 683 1491 23.
757 1436 1037 1506 Apuliden
1086 1433 1265 1490 chm.
1314 1450 1507 1490 comm.
1556 1434 1714 1491 Lucr.
1762 1435 1874 1508 37,
1926 1438 2102 1492 miuus
2147 1445 2326 1506 recte3
2385 1443 2533 1492 certe
2579 1435 2701 1492 alibi

407 1519 550 1594 apud
596 1519 860 1575 Lucilium
905 1519 1135 1574 habetur
1179 1519 1503 1591 Scipiadas,
1551 1536 1661 1574 non
1709 1520 2029 1592 Scipiades.
2304 1520 2313 1529 '

583 1604 684 1661 26.
760 1612 822 1659 ut
866 1605 1079 1659 marinis
1124 1604 1280 1659 etiam
1330 1603 1676 1659 terrestribus
1707 1604 2119 1678 tempestatibus
2152 1615 2373 1662 vexatus
2405 1622 2525 1662 esse
2557 1606 2699 1662 vide·

406 1697 496 1744 tur
540 1688 676 1745 Luc.
721 1704 821 1761 per
863 1689 1070 1743 itineris
1116 1686 1279 1743 Siculi
1325 1690 1677 1744 occasionem.

582 1773 684 1834 27.
760 1773 1062 1828 vehementi
1104 1772 1157 1827 in
1204 1771 1398 1827 itincre
1454 1774 1719 1829 maritimo
1776 1782 2097 1848 tempestate
2151 1774 2517 1831 conflictatum
2577 1792 2697 1830 esse

407 1856 673 1914 Lucilium
718 1865 865 1912 recte
909 1858 1101 1912 statuit
1130 1855 1440 1930 Vargesius.
1471 1886 1551 1896 -
1583 1861 1784 1922 tertio,·
1829 1859 1974 1931 quod
2019 1858 2173 1915 suere
2204 1860 2297 1933 qui
2340 1859 2579 1915 dicerent
2610 1877 2699 1915 so-

404 1943 537 1999 litos
592 1945 646 1997 in
704 1941 826 2000 cdd.
871 1940 1121 1996 Nonianis
1168 1957 1422 1997 numeros
1467 1943 1609 1997 uotis
1655 1944 1880 2016 exprimi
1925 1958 2035 1999 non
2078 1943 2307 2008 litteris,
2366 1959 2461 2000 eos
2504 1942 2699 1999 fefellit

404 2028 699 2083 sententia.
743 2055 825 2063 —
874 2029 1095 2089 tertius,
1138 2028 1385 2097 fluctus;
1427 2022 1726 2101 τρικυμία.

580 2128 682 2186 28.
759 2129 863 2183 hoc
906 2127 1152 2201 exemplo
1197 2128 1456 2184 docemur
1499 2128 1707 2184 nullum
1752 2138 1855 2184 tam
1902 2129 2202 2203 improbum
2242 2128 2379 2186 'esse
2423 2130 2697 2205 sterquili-

406 2216 580 2286 nium,
624 2215 682 2269 in
727 2229 838 2286 quo
883 2229 994 2267 non
1037 2213 1169 2267 mica
1203 2212 1380 2285 aliqua
1413 2214 1574 2268 lateat
1604 2215 1740 2269 auri.
1816 2231 2014 2270 novum
2046 2216 2248 2289 quippe
2293 2216 2397 2271 hoc
2426 2216 2697 2289 fragmen·

405 2308 521 2354 tum
570 2315 637 2354 ex
682 2297 900 2354 scholiis
930 2297 1128 2352 Lucani
1157 2296 1516 2352 Bernensibus
1546 2297 1734 2353 Lucilii
1763 2297 2005 2372 reliquiis
2050 2300 2293 2355 accessit.
2356 2316 2465 2373 quo
2498 2300 2697 2356 maiore

405 2382 565 2439 laude
613 2382 838 2457 dignum
869 2380 1177 2455 putabimus
1209 2381 1271 2435 H.
1307 2381 1619 2455 Vsenerum,
1667 2381 2034 2456 professorem
2062 2383 2398 2439 Bonnensem
2443 2384 2698 2439 eundem-

406 2484 513 2543 que
559 2468 732 2522 virum
780 2466 1171 2537 doctissimum,
1217 2467 1303 2521 cui
1350 2475 1405 2522 et
1451 2467 1618 2522 otium
1653 2468 1913 2541 suppetiit
1945 2475 1999 2523 et
2030 2469 2235 2523 animus
2269 2475 2373 2523 tam
2407 2467 2496 2523 diu
2528 2470 2583 2523 in
2616 2469 2696 2522 his

406 2552 661 2609 sordibus
706 2551 1055 2621 immorandi,
1101 2550 1275 2607 donec
1320 2553 1535 2625 penitus
1582 2569 1672 2607 eas
1718 2559 2011 2616 excuteret.
2103 2570 2222 2608 nam
2266 2552 2525 2627 pleraque
2568 2569 2697 2609 sane

406 2637 587 2693 omnia
635 2654 773 2711 quae
816 2638 999 2691 insunt
1044 2636 1097 2690 in
1144 2635 1413 2709 farragine
1458 2638 1560 2691 ista
1590 2636 1778 2693 viliora
1810 2646 1939 2693 sunt
1969 2637 2106 2712 alga.
2156 2668 2231 2677 -
2281 2637 2425 2711 quod
2468 2655 2593 2693 cum
2625 2640 2694 2692 ita

407 2721 629 2794 habeat,
676 2738 787 2777 non
833 2722 989 2776 nimis
1033 2721 1348 2791 irascemur,
1395 2721 1541 2793 quod
1586 2721 1816 2778 confuso
1849 2722 2137 2792 Vsenerus,
2184 2738 2293 2794 quo
2338 2738 2499 2794 saepe
2534 2722 2697 2792 solet,

405 2822 612 2881 genere
656 2805 964 2879 disputandi
1011 2821 1142 2860 usus
1188 2804 1256 2860 de
1303 2805 1405 2861 boc
1436 2805 1740 2879 fragmento
1772 2823 1880 2862 non
1912 2806 2111 2861 rectius
2156 2807 2408 2861 iudicavit
2440 2823 2599 2879 quam
2631 2806 2697 2861 de

406 2892 527 2948 aliis
565 2892 844 2964 plerisque
875 2906 1011 2963 quae
1056 2896 1184 2944 sunt
1228 2891 1280 2944 in
1325 2890 1545 2945 scholiis
1587 2891 1729 2946 istis.
1782 2920 1854 2931 -
1902 2894 2236 2947 decumanis
2274 2892 2581 2963 fluctibus;
2624 2889 2693 2945 cs.

404 2976 553 3031 Paul.
600 2976 640 3031 4
679 2977 910 3032 Albesia
955 2981 1123 3030 scuta
1168 2975 1543 3047 dicebantur,
1594 2978 1800 3048 quibus
1841 2976 2144 3045 Albenses,
2193 2979 2294 3048 qui
2332 2983 2466 3031 sunt
2509 2976 2702 3031 Marsi

405 3065 661 3134 qeneris,
707 3063 803 3115 usi
842 3065 994 3116 sunt.
1081 3060 1230 3114 haee
1274 3061 1472 3115 eadem
1516 3062 1839 3116 decumana
1885 3061 2260 3128 vocabantur,
2311 3062 2466 3132 quod
2506 3067 2696 3115 essent

407 3149 781 3218 amplissima,
828 3151 890 3201 ut
934 3146 1241 3200 decumani
1277 3146 1510 3215 fluctus.
1587 3143 1732 3201 coul'.
1777 3146 1934 3199 etiam
1983 3160 2118 3217 quae
2162 3143 2422 3217 leguntur
2467 3161 2550 3216 ap.
2597 3143 2692 3199 Ov.

408 3240 535 3286 met.
584 3230 671 3301 XI,
718 3229 863 3298 539,
909 3226 1020 3292 4Ο;
1069 3229 1211 3283 trist.
1245 3227 1283 3300 l,
1318 3228 1375 3298 2,
1406 3228 1510 3300 49,
1544 3227 1645 3285 59.
1734 3245 1848 3285 eam
1895 3228 2077 3284 Gracci
2125 3236 2317 3284 vocant
2361 3223 2693 3304 τρικυμίαν.

405 3345 489 3356 --
533 3323 809 3389 praeterea
855 3330 936 3387 ap.
969 3312 1096 3368 Luc.
1128 3314 1474 3369 inveniuntur
1518 3329 1848 3385 acupenser
1877 3315 2210 3370 decimanus
2240 3320 2294 3368 et
2335 3314 2691 3369 decimanum

408 3403 611 3459 oleum.

579 3501 679 3559 31.
757 3500 890 3557 illud
937 3504 1192 3574 anquina
1240 3509 1386 3557 recte
1417 3518 1710 3575 reposuere
1755 3502 1947 3571 critici,
1991 3500 2164 3556 secuti
2196 3469 2385 3556 Isidori
2418 3499 2566 3575 Orig.
2600 3500 2693 3559 lib.

406 3586 585 3642 xv1111
634 3581 723 3662 [4,
758 3580 824 3660 7]
862 3587 1225 3641 testimonium
1260 3590 1515 3658 anquina
1541 3586 1724 3658 funi8‚
1773 3604 1883 3659 quo
1916 3586 1994 3641 ad
2019 3587 2228 3641 malum
2261 3591 2517 3642 antenna
2556 3603 2693 3643 con-

407 3675 728 3745 strinqitur.
817 3672 886 3726 de
931 3688 1045 3742 qua
1092 3670 1273 3726 Cinna
1319 3668 1516 3744 ‘atque
1561 3676 1818 3745 anquina
1864 3676 2029 3743 reqat
2073 3670 2331 3726 stabilem
2369 3670 2694 3743 fortissima

407 3757 689 3813 cursum.'

579 3867 680 3924 32.
739 3871 1174 3938 catapeiraten;
1216 3872 1689 3944 καταπειρατῆρα
1720 3867 1906 3923 dicunt
1937 3867 2145 3939 Graeci,
2176 3884 2409 3940 quorum
2440 3884 2584 3925 nuuc
2606 3884 2695 3923 ex-

411 3960 523 4009 tant
565 3951 715 4020 libri3
763 3968 826 4007 ac
867 3960 1043 4007 tamen
1088 3951 1177 4006 illa
1224 3952 1394 4008 torma
1440 3969 1617 4026 neque
1649 3953 1860 4008 ratione
1907 3968 2081 4026 neque
2111 3951 2484 4025 probabilitate
2528 3953 2695 4008 desti-

410 4039 598 4094 tuitur.
648 4068 727 4077 -—
776 4038 970 4093 eodem
1013 4053 1135 4092 cum
1179 4038 1441 4111 synizcsi3
1487 4037 1559 4093 cl'.
1606 4037 1657 4092 d.
1705 4055 1749 4092 r.
1797 4054 1868 4093 m.
1915 4037 2058 4094 273.
2102 4068 2185 4080 --
2230 4044 2491 4107 unctum,
2540 4036 2694 4111 adipe

407 4122 491 4179 vel
522 4121 676 4194 sebo,
722 4137 832 4195 quo
878 4138 1034 4177 arena
1079 4122 1134 4177 in
1178 4123 1287 4178 imo
1321 4123 1450 4176 mari
1495 4124 1597 4177 sita
1643 4121 2066 4178 adhaeresceret.
2114 4152 2199 4161 —-
2241 4127 2542 4177 mataxam
2555 4145 2575 4185 ;
2617 4122 2694 4177 ita

407 4207 600 4280 scripsi
644 4207 912 4279 potiorem
957 4205 1217 4263 librorum
1261 4214 1482 4262 secutus
1527 4208 1921 4262 auctoritatem.
1997 4214 2235 4261 ceterum
2267 4205 2424 4261 etiam
2455 4211 2693 4262 metaxa

409 4293 540 4365 quin
583 4298 733 4347 recte
776 4289 968 4346 haheat
1022 4307 1132 4346 uon
1175 4290 1470 4347 dubitatur.
1559 4291 1747 4365 glosae
1791 4290 2045 4365 Stephani
2095 4289 2211 4346 137
2272 4296 2512 4345 mataxa
2559 4285 2692 4366 σιρᾶ

410 4376 540 4452 (leg.
573 4369 789 4453 σειρᾶ);
834 4375 1048 4433 eaedem
1083 4375 1207 4432 330
1249 4380 1492 4433 mataxa
1522 4368 1684 4452 ἡνία.
1738 4406 1807 4415 --
1856 4374 2093 4430 Isidorus
2124 4372 2321 4447 XVIlll,
2353 4372 2456 4445 29,
2491 4374 2526 4431 6
2571 4394 2689 4431 ma-
