3267 5075
1213 304 1667 367 TESTIMONIA
1703 313 1799 367 DE
1840 313 2146 381 LUClLIO.
2697 314 2817 378 181

712 474 1023 558 conposui
1067 496 1220 557 pars
1268 496 1406 538 esse
1452 478 1642 558 putat
1687 477 2054 561 similesque
2100 498 2386 541 meorum

710 590 885 654 mille
934 590 1035 653 die
1080 610 1302 655 versus
1350 589 1574 655 deduci
1618 613 1827 675 posse.
1917 591 2208 675 Trebati,

617 705 667 770 5
713 705 866 790 quid
910 706 1170 789 faciam,
1215 705 1616 789 praescribe.'
1693 707 2050 791 ‘quiescas'
2124 711 2227 770 ‘ne
2272 706 2533 790 faciam,
2579 707 2793 791 inquis
2803 758 2819 789 ‚

712 820 975 885 omnino
1021 821 1315 885 versusP'
1411 821 1581 886 ‘aia'
1676 828 1958 904 ‘peream
2003 823 2195 905 male,
2243 822 2297 886 si
2340 844 2476 886 non

711 934 1024 1019 optimum
1072 939 1235 1019 erat3
1281 957 1500 999 verum
1547 957 1795 1020 nequeo
1843 937 2160 1001 dormire?
2251 940 2374 1000 ‘ter
2419 936 2597 1001 uncti

708 1055 1094 1116 transnanto
1141 1046 1451 1142 Tiberim,
1498 1072 1725 1115 somno
1773 1051 2004 1136 quibus
2051 1056 2150 1116 est
2195 1074 2356 1136 opus
2403 1052 2562 1135 alto,

708 1167 1159 1252 inriguumque
1204 1187 1381 1230 mero
1429 1165 1546 1230 sub
1592 1170 1849 1231 noctem
1896 1188 2126 1251 corpus
2171 1167 2473 1233 habento,

573 1285 664 1348 10
710 1286 823 1347 aut
868 1282 923 1346 si
966 1286 1188 1347 tantus
1235 1303 1416 1347 amor
1462 1279 1781 1345 scribendi
1825 1285 1890 1345 te
1935 1283 2131 1366 rapit,
2178 1283 2338 1347 aude

708 1397 1002 1463 Caesaris
1048 1397 1270 1461 invicti
1315 1418 1416 1460 res
1463 1396 1695 1481 dicere,
1741 1398 1946 1461 multa
1989 1398 2283 1462 laborum

704 1513 991 1597 praemia
1035 1514 1323 1577 laturus?
1417 1512 1743 1596 ‘cupidum
1752 1563 1770 1596 ‚
1815 1515 2001 1596 pater
2044 1513 2311 1597 optime,
2355 1512 2523 1577 vires

706 1627 1031 1692 deficiunt:
1078 1649 1285 1712 neque
1332 1627 1503 1691 enim
1551 1627 1758 1711 quivis
1803 1627 2133 1691 horrentia
2176 1628 2325 1712 pilis

703 1742 965 1829 agmina
1009 1765 1129 1809 nec
1171 1742 1376 1807 fracta
1418 1745 1760 1826 pereuntes
1806 1743 2066 1826 cuspide
2113 1742 2333 1808 Gallos

569 1859 660 1925 15
706 1862 820 1923 aut
863 1858 1141 1924 labentis
1187 1880 1353 1943 equo
1400 1857 1703 1922 describit
1745 1858 2011 1922 vulnera
2055 1857 2322 1923 Parthi?

705 1977 1017 2039 ‘attamen
1063 1978 1129 2039 et
1171 1973 1412 2037 iustum
1456 1975 1717 2056 poteras
1763 1976 1829 2037 et
1874 1973 2148 2038 scribere
2192 1973 2453 2058 fortem,

703 2088 1066 2173 Scipiadam
1111 2093 1186 2154 ut
1230 2088 1485 2172 sapiens
1530 2086 1853 2152 Lucilius.'
1949 2089 2142 2153 ‘haud
2158 2134 2169 2143 »
2188 2089 2377 2169 mihil
2394 2090 2572 2173 dero,

703 2228 850 2270 cum
894 2226 995 2270 res
1040 2205 1184 2288 ipsa
1229 2205 1415 2268 feret:
1461 2203 1587 2267 nisi
1634 2203 1859 2267 dextro
1905 2207 2223 2287 tempore,
2269 2203 2483 2270 Flacci

700 2320 898 2385 verba
941 2343 1057 2404 per
1100 2323 1417 2384 attentam
1460 2340 1596 2383 non
1640 2319 1830 2384 ibunt
1873 2316 2166 2384 Caesaris
2210 2341 2455 2404 aurem,

564 2439 656 2503 20
702 2436 804 2501 cui
849 2436 1015 2500 male
1062 2435 1116 2500 si
1161 2435 1445 2518 palpem,
1489 2434 1850 2498 recalcitrat
1893 2434 2174 2520 undique
2218 2438 2438 2500 tutus?

701 2555 968 2638 ‘quanto
1013 2550 1441 2634 rectius-hoc,
1488 2572 1683 2636 quam
1725 2550 1898 2614 tristi
1942 2550 2191 2615 laedere
2236 2573 2423 2616 versu

698 2667 1129 2733 Pantolabum
1177 2688 1461 2730 scurram
1504 2663 2112 2750 Nomentanumque
2157 2671 2457 2750 nepotem
2470 2719 2488 2751 ‚

699 2806 844 2848 cum
892 2783 1016 2847 sibi
1062 2781 1330 2867 quisque
1374 2781 1586 2864 timet,
1633 2785 2089 2867 quamquamst
2140 2782 2421 2847 intactus
2429 2833 2448 2865 ‚
2504 2785 2571 2847 et
2623 2782 2798 2846 odit.'

699 2899 877 2984 ‘quid
922 2897 1199 2962 faciam?
1292 2896 1487 2960 saltat
1529 2895 1869 2980 Milonius,
1912 2901 1987 2962 ut
2032 2897 2227 2961 semel
2271 2897 2400 2962 icto

566 3015 654 3079 25
699 3014 969 3079 accessit
1014 3012 1225 3077 fervor
1270 3011 1465 3095 capiti
1510 3033 1940 3097 numerusque
1986 3012 2290 3096 lucernis;

698 3129 929 3214 Castor
974 3128 1210 3213 gaudet
1254 3128 1465 3212 equiS‚
1511 3148 1632 3191 ovo
1678 3130 2034 3212 prognatus
2081 3107 2303 3192 eodem

694 3245 960 3330 pugnis3
1009 3246 1167 3327 quot
1211 3242 1493 3326 capitum
1538 3242 1793 3326 vivunt,
1837 3242 2108 3308 totidem
2154 3243 2508 3308 studiorum

696 3360 903 3425 milia:
949 3381 1052 3422 me
1097 3358 1366 3442 pedibus
1413 3357 1688 3422 delectat
1731 3357 2022 3422 claudere
2067 3359 2263 3422 verba

696 3474 901 3539 Lucili
946 3474 1102 3557 ritu,
1145 3478 1439 3539 nostrum
1485 3473 1767 3538 melioris
1813 3476 2102 3558 utroque.

567 3591 653 3654 30
696 3590 801 3654 ille
847 3589 1024 3654 velut
1066 3588 1210 3653 fidis
1256 3610 1491 3653 arcana
1531 3589 1857 3653 sodalibus
1904 3589 2057 3653 olim

697 3704 995 3770 credebat
1036 3704 1246 3787 libris,
1290 3726 1496 3790 neque
1544 3704 1600 3769 si
1646 3705 1811 3768 male
1856 3706 2135 3769 cesserat
2178 3725 2451 3789 usquam

697 3821 1035 3886 decurrens
1081 3819 1235 3903 alio,
1277 3841 1485 3905 neque
1532 3821 1587 3884 si
1630 3819 1821 3884 bene:
1869 3841 1996 3904 quo
2041 3819 2143 3903 fit,
2187 3822 2262 3883 ut
2306 3820 2516 3886 omnis

697 3936 912 4001 votiva
955 3938 1177 4018 pateat
1219 3935 1417 4002 veluti
1456 3936 1775 4019 descripta
1817 3935 2059 3999 tabella
2136 4023 2147 4031 ο

698 4051 829 4115 vita
874 4050 1065 4115 senis.
1155 4071 1387 4135 sequor
1428 4051 1626 4134 hunc,
1672 4048 1968 4114 Lucanus
2016 4073 2100 4115 an
2145 4050 2395 4134 Apulus
2404 4102 2422 4133 ‚
2468 4072 2728 4135 anceps:

559 4164 657 4229 ,35
699 4188 849 4230 nam
892 4164 1262 4230 Venusinus
1309 4169 1450 4230 arat
1495 4166 1687 4229 finem
1735 4165 1855 4229 sub
1902 4154 2241 4249 utrumque
2287 4166 2579 4248 colonus,

2870 4827 2881 4876 i

2842 4879 2881 5016 μἒ,

699 4281 930 4346 missus
979 4280 1060 4345 ad
1104 4280 1226 4345 hoc
1270 4280 1473 4364 pulsis
1482 4332 1500 4365 ‚
1545 4283 1728 4345 vetus
1775 4284 1873 4347 est
1919 4285 1992 4345 ut
2035 4282 2235 4364 fama,
2281 4278 2578 4365 Sabellis,
