3267 5075
687 309 817 373 218
1636 309 1857 365 LIBER
1891 310 2012 365 VII.

686 477 955 551 pedestris
976 476 1243 532 orationis
1263 484 1514 532 auctores
1534 475 1868 548 Ciceronem,
1890 476 2193 548 Sisennam,
2219 475 2651 551 Quadrigarium,
2673 477 2929 535 Gracchum

686 570 781 617 aut
823 568 1013 635 poetas
1058 559 1381 635 Vergilium,
1438 561 1690 631 Matium,
1745 560 2034 617 Pacuvium
2079 562 2278 618 dixisse
2322 570 2457 635 puto
2494 566 2768 635 pernicii,
2818 564 2928 631 acii,

683 648 930 718 lvoeurii,
974 649 1182 717 specii.
1258 662 1395 719 quae
1438 654 1630 702 cuncta
1676 653 2046 702 correctorum
2091 643 2306 702 audacia
2356 664 2677 720 provenere,
2718 647 2792 703 illi
2828 663 2928 702 cum

687 730 965 787 dedissent
1008 729 1219 786 finalem
1264 738 1356 786 aut
1401 746 1464 788 es
1506 738 1601 786 aut
1646 747 1693 787 e.

855 816 916 873 8.
987 814 1346 889 supplendum
1392 818 1768 887 spoliaverat,
1815 819 2073 873 eluserat
2118 815 2201 870 vel
2244 815 2435 872 simile.

853 900 911 957 9.
983 899 1118 956 illud
1149 901 1361 957 scabor
1390 918 1490 974 pro
1520 903 1699 956 sador
1726 899 1877 957 dedit
1906 900 2166 974 Scaliger,
2196 909 2386 957 contra
2419 906 2684 958 metrum.'
2708 932 2785 942 —
2824 902 2931 956 sub·

688 987 896 1048 vellat-,-
941 985 1116 1059 tangit
1159 1001 1387 1055 morem,
1433 985 1527 1058 qui
1571 992 1626 1040 et
1672 984 1834 1040 hodie
1878 982 2018 1058 apud
2052 985 2211 1040 italos
2256 994 2313 1040 et
2343 986 2576 1042 Graecos
2607 987 2825 1061 optinet,
2862 1001 2931 1040 ca·

684 1069 846 1143 pillos
888 1070 1027 1126 circa
1073 1069 1332 1125 naturalia
1379 1069 1653 1126 muliebria
1699 1070 1835 1124 sitos
1865 1068 2160 1126 resecandi.
2208 1102 2291 1110 -
2332 1073 2630 1143 pumicor5
2670 1070 2798 1126 Plin.
2826 1069 2930 1124 hist.

687 1162 796 1212 nat.
842 1153 1062 1225 xxxvi,
1095 1152 1169 1209 21
1219 1157 1323 1210 sed
1363 1160 1418 1209 et
1460 1158 1517 1209 ei
1547 1158 1832 1225 pumiceS,
1876 1158 1977 1228 qui
2017 1161 2151 1211 sunt
2195 1159 2254 1212 in
2302 1172 2410 1212 usu
2442 1172 2747 1228 corporum
2781 1157 2931 1210 laevi·

683 1240 1005 1312 qandorum
1043 1239 1306 1310 feminis,
1362 1243 1474 1294 iam
1520 1241 1744 1311 quidem
1788 1246 1843 1294 el
1887 1243 2039 1295 viris
2097 1270 2180 1279 —
2233 1244 2534 1312 expoliem·
2585 1241 2656 1296 ita
2699 1238 2935 1313 praeclare

689 1322 863 1378 llousa
909 1341 1009 1396 pro
1054 1340 1120 1378 eo
1167 1322 1312 1397 quod
1358 1331 1444 1379 est
1487 1325 1541 1379 in
1586 1321 1738 1379 libris
1781 1326 2015 1395 expilor
2057 1320 2386 1403 ταυτολόγῳ
2429 1326 2632 1398 pariter
2671 1331 2726 1380 et
2767 1322 2932 1378 violato

615 1473 620 1481 ⁸
688 1414 892 1463 metro:
937 1407 1078 1463 idem
1123 1405 1260 1463 hene
1304 1406 1518 1464 confert
1561 1408 1733 1463 Plauti
1777 1407 1910 1464 illud
1959 1403 2151 1484 [Poen.
2197 1408 2261 1480 ll,
2311 1412 2368 1482 1,
2416 1411 2452 1466 9
2483 1405 2600 1485 sq.]

941 1554 1005 1592 ex
1050 1537 1315 1595 industria
1359 1536 1542 1592 ambae
1587 1553 1878 1611 numquam
1923 1536 2263 1593 cessabamus

940 1621 1104 1678 lavari
1148 1629 1239 1677 aut
1284 1620 1461 1677 fricari
1507 1629 1600 1677 aut
1644 1623 1848 1695 tergeri
1891 1630 1984 1677 aut
2028 1623 2212 1678 ornari

904 1706 1100 1780 vpoliri
1146 1699 1372 1781 expilari
1418 1702 1486 1777 (v.
1537 1705 1812 1778 expoliri)
1857 1707 2009 1781 pingi
2053 1705 2206 1781 fingi.

862 1836 956 1893 10.
1032 1836 1135 1892 hoc
1179 1835 1340 1909 frgm.
1388 1841 1446 1890 et
1487 1851 1641 1909 seqq.
1690 1834 1930 1909 quinque
1978 1853 2113 1892 uxor
2155 1836 2414 1892 deformis
2460 1835 2750 1910 eademque
2791 1832 2937 1890 libidi-

689 1937 822 1977 nosa
867 1920 1079 1976 videtur
1122 1919 1371 1976 describi.
1414 1949 1499 1962 —
1544 1922 1731 1977 simad
1772 1920 2301 1995 nareS,·Sulpicius
2346 1921 2602 1977 Servatus
2650 1917 2817 1997 [anth.
2857 1918 2933 1973 lat.

687 2004 832 2077 543,
865 2000 975 2081 37]

939 2114 1269 2208 simataeque
1315 2134 1489 2190 iacent
1533 2134 1712 2208 pando
1757 2136 2058 2192 sinuamine
2102 2152 2278 2191 nares,

688 2262 913 2319 videnda
958 2279 1094 2336 quae
1140 2270 1292 2319 notat
1335 2263 1668 2320 Burmannus
1715 2264 1895 2319 iunior
1938 2263 2004 2319 ad
2050 2264 2104 2320 h.
2152 2283 2200 2320 v.

860 2347 957 2404 11.
1043 2364 1115 2403 ne
1161 2351 1595 2425 vermiculique,·
1650 2348 1720 2404 cf.
1780 2348 1848 2404 de
1905 2350 2010 2405 hoc
2064 2348 2254 2405 morbo
2298 2348 2434 2404 Pliu.
2483 2367 2536 2404 n.
2584 2350 2637 2404 h.
2691 2348 2800 2418 XX,
2843 2346 2936 2413 523
2986 2398 2991 2421 ,

688 2431 828 2490 Cels.
877 2433 961 2504 Vl,
994 2432 1051 2489 5.
1105 2430 1108 2433 ’

861 2518 956 2573 12.
1031 2519 1194 2591 queis
1237 2519 1392 2575 oculi
1430 2537 1543 2576 non
1572 2527 1707 2576 sant
1736 2533 1919 2593 neque
1962 2538 2196 2582 nasum;
2240 2519 2293 2575 h.
2327 2536 2378 2576 e.
2421 2523 2744 2593 maneque
2774 2517 2936 2575 videre

682 2610 925 2675 possunt
970 2619 1153 2675 neque
1198 2604 1473 2675 olfacere.

660 2759 668 2764 ·
862 2689 959 2744 13.
1028 2688 1384 2759 frumentum
1431 2705 1684 2745 vannere
1725 2690 1951 2760 lumbiS,
1998 2689 2071 2745 ita
2114 2688 2151 2745 l.
2182 2688 2316 2744 Vllll
2347 2691 2607 2761 crisabit,
2652 2696 2709 2745 ut
2737 2691 2788 2745 si
2819 2686 2934 2760 fru-

687 2780 933 2829 mentum
976 2773 1223 2830 clunibu‘
1270 2781 1503 2830 vannat.
1551 2803 1630 2814 --
1673 2773 1890 2845 fruma
1935 2781 2310 2830 stramentum
2352 2774 2727 2831 BaehrensiuS.

861 2857 957 2913 14.
1036 2873 1297 2915 ver-osam
1339 2875 1437 2931 pro
1470 2862 1733 2915 virosam.
1779 2889 1863 2899 --
1908 2860 2176 2923 caedam3
2222 2857 2490 2915 obscaeno
2520 2875 2687 2915 sensu
2727 2856 2933 2932 positum

687 2950 836 2998 recte
880 2944 1071 2998 statuit
1115 2943 1328 3017 Lipsius
1374 2951 1582 3016 quaest.
1628 2942 1845 3017 epistol.
1893 2943 1958 3015 V,
2012 2942 2108 3015 14,
2156 2951 2215 2999 ut
2258 2961 2346 3017 ap.
2392 2942 2504 3001 Cat.
2537 2944 2641 3015 56,
2674 2943 2706 2999 7
2749 2949 2801 2997 et
2837 2955 2935 2995 sae·

687 3026 808 3100 pius
854 3029 1174 3083 concidere.
1253 3026 1481 3101 probant
1526 3045 1640 3084 rem
1685 3028 1869 3084 ultima
1915 3028 2075 3083 verba
2121 3029 2281 3084 huius
2314 3028 2604 3102 fragmenti
2651 3043 2746 3083 nec
2784 3024 2933 3081 minus

686 3127 875 3167 versus
917 3121 1229 3183 sequentes.

860 3195 957 3253 15.
1031 3196 1080 3251 is
1123 3197 1275 3252 cuius
1321 3197 1480 3256 verba
1525 3198 1785 3271 leguntur
1839 3198 2006 3271 priori
2054 3198 2357 3272 fragmento
2404 3198 2587 3254 uxoris
2643 3195 2843 3253 libidine
2879 3189 2932 3246 ad

686 3280 1117 3355 desperationem
1161 3290 1309 3337 actus
1355 3282 1499 3356 quod
1546 3282 1707 3338 modo
1752 3283 2070 3356 deprecatus
2114 3292 2230 3338 erat
2273 3283 2373 3337 iam
2420 3282 2549 3338 facit
2594 3299 2654 3339 re
2696 3297 2823 3336 vera.

853 3366 909 3421 in
951 3383 1012 3422 re
1054 3366 1214 3422 simili
1248 3375 1305 3422 et
1347 3383 1611 3424 memores
1660 3368 1890 3422 fortasse
1922 3366 2082 3423 liuius
2113 3366 2219 3423 loci
2264 3366 2447 3422 dixere
2478 3367 2730 3423 Horatius
2757 3362 2932 3421 accidit

686 3457 748 3507 ut
792 3453 1018 3507 cuidam
1066 3458 1237 3509 testes
1282 3454 1645 3525 caudamque
1689 3454 1943 3520 salacem
1986 3453 2336 3508 demeterent
2388 3452 2560 3523 ferro
2619 3458 2673 3507 et
2716 3444 2930 3506 Martialis

686 3534 974 3592 abscisast
1016 3553 1202 3608 quare
1233 3537 1429 3592 Samia
1476 3538 1576 3593 tibi
1616 3539 1871 3593 mentula
1917 3541 2106 3592 testa?
2150 3566 2234 3575 —
2280 3536 2475 3592 Samia
2508 3543 2691 3601 ἰθείας
2732 3538 2933 3606 nugatur

686 3617 913 3690 Nonius,
958 3621 1051 3692 qui
1081 3618 1314 3678 Samium
1348 3639 1447 3695 pro
1493 3630 1652 3676 acuto
1694 3621 1801 3677 dici
1831 3622 2037 3678 statuit.
2110 3638 2211 3677 nec
2240 3637 2368 3676 vcro
2401 3619 2635 3676 Samiare
2666 3628 2746 3676 est
2772 3627 2931 3673 acuere
3000 3670 3009 3682 ,

686 3702 781 3757 sed
828 3702 1020 3776 polire.
1109 3714 1346 3760 ceterum
1391 3706 1532 3761 illam
1579 3704 1649 3760 ob
1693 3705 1746 3760 id
1790 3707 1966 3778 ipsum
2021 3706 2165 3779 quod
2211 3713 2326 3761 erat
2370 3707 2678 3761 acutissima
2728 3733 2793 3744 ’-
2835 3712 2932 3754 ΜΦ

685 3803 747 3842 ea
792 3786 856 3841 ad
905 3786 1103 3843 ferrum
1149 3787 1386 3862 aliasque
1426 3791 1672 3845 materias
1717 3789 1996 3863 poliendas
2044 3789 2335 3846 utebantur
2366 3819 2446 3829 —-
2477 3788 2718 3846 adhiberi
2758 3785 2933 3841 solitam

686 3870 749 3926 ad
805 3870 1121 3926 castrandus
1180 3875 1360 3927 matris
1416 3874 1574 3930 deum
1632 3874 1943 3930 sacerdotes
2000 3876 2092 3948 qui
2156 3873 2291 3930 Galli
2347 3880 2609 3930 vocantur
2669 3874 2736 3931 Μ.
2789 3864 2933 3924 Caelio

686 3963 908 4024 auctore
937 3955 1105 4011 refert
1129 3955 1331 4011 Plinius
1361 3975 1414 4013 n.
1449 3958 1500 4013 h.
1532 3959 1727 4030 XXXV,
1762 3957 1861 4014 46.
1896 3989 1978 3998 --
2016 3951 2428 4033 ἅπειρόκαλεί.
2462 3975 2513 4014 e.
2542 3960 2862 4016 inhonesem
2885 3945 2937 4003 δᾶ

688 4057 910 4097 uxorem
955 4056 1253 4097 conversus
1295 4042 1387 4096 ait.
1478 4041 1582 4099 hoc
1626 4042 1941 4101 vocabulum
1987 4042 2048 4099 ad
2096 4045 2418 4100 sententiani
2470 4043 2809 4116 aptissimum
2844 4046 2939 4091 esse

689 4125 772 4180 vix
815 4125 918 4181 erit
962 4127 1058 4198 qui
1101 4132 1297 4199 neget;
1344 4131 1399 4179 et
1429 4126 1671 4198 proxime
1702 4127 1840 4183 idem
1872 4126 2057 4183 abesse
2088 4146 2117 4185 a
2146 4127 2268 4183 cdd.
2301 4128 2630 4201 corruptelis
2658 4124 2943 4184 fatebuntur

688 4211 781 4282 qui
825 4211 1010 4267 norint
1054 4209 1250 4284 quibus
1294 4211 1636 4282 potissimum
1693 4212 1866 4268 modis
1898 4212 2127 4269 Graecae
2172 4212 2386 4269 litterae
2430 4230 2459 4269 θ
2497 4211 2699 4269 Latinis
2745 4201 2942 4269 librariis

684 4295 894 4353 soleant
934 4296 1148 4353 inverti.
