<?xml version="1.0" encoding="UTF-8"?>
<!DOCTYPE html PUBLIC "-//W3C//DTD XHTML 1.0 Transitional//EN"
    "http://www.w3.org/TR/xhtml1/DTD/xhtml1-transitional.dtd">
<html xmlns="http://www.w3.org/1999/xhtml" xml:lang="en" lang="en">
 <head>
  <title>
</title>
<meta http-equiv="Content-Type" content="text/html;charset=utf-8" />
  <meta name='ocr-system' content='tesseract 3.04.00' />
  <meta name='ocr-capabilities' content='ocr_page ocr_carea ocr_par ocr_line ocrx_word'/>
</head>
<body>
  <div class='ocr_page' id='page_1' title='image "./clucilisaturaru00mlgoog_0149.png"; bbox 0 0 3267 5075; ppageno 0'>
   <div class='ocr_carea' id='block_1_1' title="bbox 1339 390 2704 639">
    <p class='ocr_par' dir='ltr' id='par_1_1' title="bbox 1339 390 2704 639">
     <span class='ocr_line' id='line_1_1' title="bbox 1348 390 2704 456; baseline 0.01 -14"><span class='ocrx_word' id='word_1_1' title='bbox 1348 390 1567 443; x_wconf 79' lang='lat' dir='ltr'>LIBER</span> <span class='ocrx_word' id='word_1_2' title='bbox 1604 390 1774 446; x_wconf 80' lang='lat' dir='ltr'>xxn.</span> <span class='ocrx_word' id='word_1_3' title='bbox 2626 394 2704 456; x_wconf 83' lang='lat'>77</span> 
     </span>
     <span class='ocr_line' id='line_1_2' title="bbox 1339 549 1787 639; baseline 0.007 -25"><span class='ocrx_word' id='word_1_4' title='bbox 1339 551 1405 615; x_wconf 92' lang='lat' dir='ltr'>II</span> <span class='ocrx_word' id='word_1_5' title='bbox 1455 549 1625 639; x_wconf 85' lang='grc' dir='ltr'>[ΠΠ,</span> <span class='ocrx_word' id='word_1_6' title='bbox 1676 550 1787 639; x_wconf 78' lang='grc'>7]*</span> 
     </span>
    </p>
   </div>
   <div class='ocr_carea' id='block_1_2' title="bbox 495 661 2602 1224">
    <p class='ocr_par' dir='ltr' id='par_1_2' title="bbox 495 661 2602 1224">
     <span class='ocr_line' id='line_1_3' title="bbox 595 661 2230 753; baseline 0.006 -29"><span class='ocrx_word' id='word_1_7' title='bbox 595 661 890 726; x_wconf 82' lang='lat' dir='ltr'><strong>defusum</strong></span> <span class='ocrx_word' id='word_1_8' title='bbox 938 686 972 727; x_wconf 92' lang='lat' dir='ltr'>e</span> <span class='ocrx_word' id='word_1_9' title='bbox 1016 665 1206 749; x_wconf 89' lang='lat' dir='ltr'>pleno</span> <span class='ocrx_word' id='word_1_10' title='bbox 1255 668 1378 731; x_wconf 79' lang='lat' dir='ltr'>siet</span> <span class='ocrx_word' id='word_1_11' title='bbox 1421 668 1525 732; x_wconf 89' lang='lat' dir='ltr'>hir</span> <span class='ocrx_word' id='word_1_12' title='bbox 1571 669 1943 753; x_wconf 87' lang='lat' dir='ltr'>siphoneve,</span> <span class='ocrx_word' id='word_1_13' title='bbox 1990 671 2090 733; x_wconf 87' lang='lat' dir='ltr'>cui</span> <span class='ocrx_word' id='word_1_14' title='bbox 2138 671 2230 734; x_wconf 90' lang='lat' dir='ltr'>nil</span> 
     </span>
     <span class='ocr_line' id='line_1_4' title="bbox 680 778 2106 866; baseline 0.006 -24"><span class='ocrx_word' id='word_1_15' title='bbox 680 778 912 866; x_wconf 84' lang='lat' dir='ltr'>durist‚</span> <span class='ocrx_word' id='word_1_16' title='bbox 960 803 1104 845; x_wconf 89' lang='lat' dir='ltr'>cum</span> <span class='ocrx_word' id='word_1_17' title='bbox 1149 783 1260 847; x_wconf 87' lang='lat' dir='ltr'>nix</span> <span class='ocrx_word' id='word_1_18' title='bbox 1308 786 1373 846; x_wconf 85' lang='lat' dir='ltr'>et</span> <span class='ocrx_word' id='word_1_19' title='bbox 1419 785 1708 850; x_wconf 86' lang='lat' dir='ltr'>sacculus</span> <span class='ocrx_word' id='word_1_20' title='bbox 1756 785 2106 850; x_wconf 72' lang='lat' dir='ltr'>abstulerit.</span> 
     </span>
     <span class='ocr_line' id='line_1_5' title="bbox 1328 923 1779 1014; baseline 0.002 -24"><span class='ocrx_word' id='word_1_21' title='bbox 1328 924 1427 990; x_wconf 94' lang='lat' dir='ltr'>III</span> <span class='ocrx_word' id='word_1_22' title='bbox 1475 923 1620 1013; x_wconf 89' lang='lat' dir='ltr'>[inc.</span> <span class='ocrx_word' id='word_1_23' title='bbox 1670 924 1779 1014; x_wconf 84' lang='lat'>26]</span> 
     </span>
     <span class='ocr_line' id='line_1_6' title="bbox 495 1041 2602 1129; baseline 0 -21"><span class='ocrx_word' id='word_1_24' title='bbox 495 1043 542 1108; x_wconf 86' lang='lat'>5</span> <span class='ocrx_word' id='word_1_25' title='bbox 590 1066 752 1129; x_wconf 87' lang='lat' dir='ltr'>quae</span> <span class='ocrx_word' id='word_1_26' title='bbox 798 1065 944 1108; x_wconf 89' lang='lat' dir='ltr'>cum</span> <span class='ocrx_word' id='word_1_27' title='bbox 992 1041 1072 1106; x_wconf 87' lang='lat' dir='ltr'>ad</span> <span class='ocrx_word' id='word_1_28' title='bbox 1117 1063 1218 1104; x_wconf 91' lang='lat' dir='ltr'>me</span> <span class='ocrx_word' id='word_1_29' title='bbox 1266 1041 1552 1106; x_wconf 85' lang='lat' dir='ltr'>cubitum</span> <span class='ocrx_word' id='word_1_30' title='bbox 1599 1044 1800 1127; x_wconf 83' lang='lat' dir='ltr'>venit,</span> <span class='ocrx_word' id='word_1_31' title='bbox 1850 1046 2078 1126; x_wconf 79' lang='lat' dir='ltr'>sponte</span> <span class='ocrx_word' id='word_1_32' title='bbox 2124 1044 2264 1127; x_wconf 87' lang='lat' dir='ltr'>ipsa</span> <span class='ocrx_word' id='word_1_33' title='bbox 2311 1047 2602 1129; x_wconf 79' lang='lat' dir='ltr'>suaptest</span> 
     </span>
     <span class='ocr_line' id='line_1_7' title="bbox 679 1157 2090 1224; baseline -0.001 1"><span class='ocrx_word' id='word_1_34' title='bbox 679 1158 954 1224; x_wconf 81' lang='lat' dir='ltr'>adducta</span> <span class='ocrx_word' id='word_1_35' title='bbox 998 1159 1071 1221; x_wconf 82' lang='lat' dir='ltr'>ut</span> <span class='ocrx_word' id='word_1_36' title='bbox 1113 1157 1400 1221; x_wconf 85' lang='lat' dir='ltr'>tunicam</span> <span class='ocrx_word' id='word_1_37' title='bbox 1448 1161 1513 1221; x_wconf 85' lang='lat' dir='ltr'>et</span> <span class='ocrx_word' id='word_1_38' title='bbox 1557 1162 1768 1222; x_wconf 82' lang='lat' dir='ltr'>cetera</span> <span class='ocrx_word' id='word_1_39' title='bbox 1811 1159 2090 1223; x_wconf 83' lang='lat' dir='ltr'>reiceret.</span> 
     </span>
    </p>
   </div>
   <div class='ocr_carea' id='block_1_3' title="bbox 587 1296 2373 1893">
    <p class='ocr_par' dir='ltr' id='par_1_3' title="bbox 587 1296 2373 1893">
     <span class='ocr_line' id='line_1_8' title="bbox 1404 1298 1709 1364; baseline 0.007 -2"><span class='ocrx_word' id='word_1_40' title='bbox 1404 1298 1497 1363; x_wconf 91' lang='lat' dir='ltr'>IV</span> <span class='ocrx_word' id='word_1_41' title='bbox 1570 1300 1614 1363; x_wconf 89' lang='grc'>4</span> <span class='ocrx_word' id='word_1_42' title='bbox 1671 1323 1709 1364; x_wconf 89' lang='lat' dir='ltr'>a</span> 
     </span>
     <span class='ocr_line' id='line_1_9' title="bbox 588 1296 2373 1500; baseline -0.001 -19"><span class='ocrx_word' id='word_1_43' title='bbox 588 1440 819 1482; x_wconf 80' lang='lat' dir='ltr'>nasum</span> <span class='ocrx_word' id='word_1_44' title='bbox 865 1414 1081 1481; x_wconf 81' lang='lat' dir='ltr'>rectiu&#39;</span> <span class='ocrx_word' id='word_1_45' title='bbox 1129 1436 1300 1479; x_wconf 89' lang='lat' dir='ltr'>nunc</span> <span class='ocrx_word' id='word_1_46' title='bbox 1346 1296 1659 1479; x_wconf 75' lang='lat' dir='ltr'>homi1iis]t</span> <span class='ocrx_word' id='word_1_47' title='bbox 1705 1437 2008 1481; x_wconf 87' lang='lat' dir='ltr'>soeraene</span> <span class='ocrx_word' id='word_1_48' title='bbox 2052 1416 2373 1500; x_wconf 77' lang='lat' dir='ltr'>pedesne?</span> 
     </span>
     <span class='ocr_line' id='line_1_10' title="bbox 1331 1544 1772 1634; baseline 0 -22"><span class='ocrx_word' id='word_1_49' title='bbox 1331 1547 1393 1613; x_wconf 91' lang='lat' dir='ltr'><strong>V</strong></span> <span class='ocrx_word' id='word_1_50' title='bbox 1443 1544 1611 1634; x_wconf 88' lang='lat' dir='ltr'>[XII‚</span> <span class='ocrx_word' id='word_1_51' title='bbox 1657 1545 1772 1634; x_wconf 82' lang='lat'>4]*</span> 
     </span>
     <span class='ocr_line' id='line_1_11' title="bbox 587 1663 1824 1751; baseline -0.002 -21"><span class='ocrx_word' id='word_1_52' title='bbox 587 1666 861 1751; x_wconf 83' lang='lat' dir='ltr'>insignis</span> <span class='ocrx_word' id='word_1_53' title='bbox 907 1665 1078 1729; x_wconf 83' lang='lat' dir='ltr'>varis</span> <span class='ocrx_word' id='word_1_54' title='bbox 1123 1663 1415 1728; x_wconf 87' lang='lat' dir='ltr'>cruribus</span> <span class='ocrx_word' id='word_1_55' title='bbox 1464 1668 1528 1728; x_wconf 87' lang='lat' dir='ltr'>et</span> <span class='ocrx_word' id='word_1_56' title='bbox 1570 1665 1824 1748; x_wconf 75' lang='lat' dir='ltr'>petuliS.</span> 
     </span>
     <span class='ocr_line' id='line_1_12' title="bbox 1433 1803 1666 1893; baseline -0.004 0"><span class='ocrx_word' id='word_1_57' title='bbox 1433 1805 1527 1870; x_wconf 84' lang='lat' dir='ltr'>VI</span> <span class='ocrx_word' id='word_1_58' title='bbox 1577 1803 1666 1893; x_wconf 86' lang='lat'>[3]</span> 
     </span>
    </p>
   </div>
   <div class='ocr_carea' id='block_1_4' title="bbox 590 1922 2041 2007">
    <p class='ocr_par' dir='ltr' id='par_1_4' title="bbox 590 1922 2041 2007">
     <span class='ocr_line' id='line_1_13' title="bbox 590 1922 2041 2007; baseline 0 -21"><span class='ocrx_word' id='word_1_59' title='bbox 590 1922 909 2007; x_wconf 84' lang='lat' dir='ltr'>Zopyrion</span> <span class='ocrx_word' id='word_1_60' title='bbox 955 1923 1174 1987; x_wconf 82' lang='lat' dir='ltr'>labeas</span> <span class='ocrx_word' id='word_1_61' title='bbox 1222 1922 1433 1986; x_wconf 84' lang='lat' dir='ltr'>caedit</span> <span class='ocrx_word' id='word_1_62' title='bbox 1476 1922 1797 2006; x_wconf 76' lang='lat' dir='ltr'><strong>utrimque</strong></span> <span class='ocrx_word' id='word_1_63' title='bbox 1845 1944 2041 1987; x_wconf 79' lang='lat' dir='ltr'>secus,</span> 
     </span>
    </p>
   </div>
   <div class='ocr_carea' id='block_1_5' title="bbox 394 2115 2702 3130">
    <p class='ocr_par' dir='ltr' id='par_1_5' title="bbox 394 2115 2702 3130">
     <span class='ocr_line' id='line_1_14' title="bbox 398 2115 2700 2182; baseline 0 -15"><span class='ocrx_word' id='word_1_64' title='bbox 398 2118 639 2167; x_wconf 82' lang='lat' dir='ltr'>maiores</span> <span class='ocrx_word' id='word_1_65' title='bbox 674 2117 877 2169; x_wconf 86' lang='lat' dir='ltr'>domus.</span> <span class='ocrx_word' id='word_1_66' title='bbox 949 2115 1159 2167; x_wconf 90' lang='lat' dir='ltr'>Lucil.</span> <span class='ocrx_word' id='word_1_67' title='bbox 1195 2115 1372 2168; x_wconf 87' lang='lat' dir='ltr'>XXII.</span> <span class='ocrx_word' id='word_1_68' title='bbox 1407 2143 1474 2152; x_wconf 93' lang='lat'><strong>—</strong></span> <span class='ocrx_word' id='word_1_69' title='bbox 1510 2117 1673 2167; x_wconf 84' lang='lat' dir='ltr'>Mart.</span> <span class='ocrx_word' id='word_1_70' title='bbox 1713 2116 1813 2181; x_wconf 91' lang='lat' dir='ltr'>XI,</span> <span class='ocrx_word' id='word_1_71' title='bbox 1851 2119 1933 2178; x_wconf 92' lang='grc'>90,</span> <span class='ocrx_word' id='word_1_72' title='bbox 1973 2119 1999 2166; x_wconf 98' lang='grc'>1</span> <span class='ocrx_word' id='word_1_73' title='bbox 2040 2117 2279 2167; x_wconf 85' lang='lat' dir='ltr'>carmina</span> <span class='ocrx_word' id='word_1_74' title='bbox 2315 2116 2467 2168; x_wconf 85' lang='lat' dir='ltr'>nulla</span> <span class='ocrx_word' id='word_1_75' title='bbox 2504 2116 2700 2182; x_wconf 86' lang='lat' dir='ltr'>probas</span> 
     </span>
     <span class='ocr_line' id='line_1_15' title="bbox 398 2184 2702 2250; baseline 0 -16"><span class='ocrx_word' id='word_1_76' title='bbox 398 2184 559 2235; x_wconf 89' lang='lat' dir='ltr'>molli</span> <span class='ocrx_word' id='word_1_77' title='bbox 595 2201 735 2250; x_wconf 84' lang='lat' dir='ltr'>quae</span> <span class='ocrx_word' id='word_1_78' title='bbox 773 2184 945 2236; x_wconf 89' lang='lat' dir='ltr'>limite</span> <span class='ocrx_word' id='word_1_79' title='bbox 982 2189 1222 2246; x_wconf 84' lang='lat' dir='ltr'>currunt,</span> <span class='ocrx_word' id='word_1_80' title='bbox 1258 2185 1349 2234; x_wconf 85' lang='lat' dir='ltr'>sed</span> <span class='ocrx_word' id='word_1_81' title='bbox 1385 2200 1521 2248; x_wconf 85' lang='lat' dir='ltr'>quae</span> <span class='ocrx_word' id='word_1_82' title='bbox 1558 2200 1653 2249; x_wconf 83' lang='lat' dir='ltr'>per</span> <span class='ocrx_word' id='word_1_83' title='bbox 1689 2184 1929 2235; x_wconf 79' lang='lat' dir='ltr'>salebras</span> <span class='ocrx_word' id='word_1_84' title='bbox 1964 2184 2183 2250; x_wconf 80' lang='lat' dir='ltr'>altaque</span> <span class='ocrx_word' id='word_1_85' title='bbox 2221 2197 2357 2235; x_wconf 76' lang='lat' dir='ltr'>saxa</span> <span class='ocrx_word' id='word_1_86' title='bbox 2394 2184 2610 2247; x_wconf 80' lang='lat' dir='ltr'>cadunt,</span> <span class='ocrx_word' id='word_1_87' title='bbox 2648 2189 2702 2234; x_wconf 90' lang='lat' dir='ltr'>et</span> 
     </span>
     <span class='ocr_line' id='line_1_16' title="bbox 401 2251 2695 2318; baseline -0 -15"><span class='ocrx_word' id='word_1_88' title='bbox 401 2253 512 2303; x_wconf 89' lang='lat' dir='ltr'>tibi</span> <span class='ocrx_word' id='word_1_89' title='bbox 530 2252 781 2302; x_wconf 81' lang='lat' dir='ltr'>Maeonio</span> <span class='ocrx_word' id='word_1_90' title='bbox 808 2268 1024 2318; x_wconf 87' lang='lat' dir='ltr'>quoque</span> <span class='ocrx_word' id='word_1_91' title='bbox 1049 2254 1286 2301; x_wconf 82' lang='lat' dir='ltr'>carmine</span> <span class='ocrx_word' id='word_1_92' title='bbox 1310 2256 1486 2302; x_wconf 85' lang='lat' dir='ltr'>maius</span> <span class='ocrx_word' id='word_1_93' title='bbox 1509 2252 1742 2303; x_wconf 84' lang='lat' dir='ltr'>habetur</span> <span class='ocrx_word' id='word_1_94' title='bbox 1759 2253 1854 2302; x_wconf 90' lang='lat' dir='ltr'>Lu</span> <span class='ocrx_word' id='word_1_95' title='bbox 1869 2251 1990 2301; x_wconf 88' lang='lat' dir='ltr'>cili</span> <span class='ocrx_word' id='word_1_96' title='bbox 2015 2267 2058 2302; x_wconf 93' lang='lat' dir='ltr'>e.</span> <span class='ocrx_word' id='word_1_97' title='bbox 2082 2269 2129 2317; x_wconf 90' lang='lat' dir='ltr'>q.</span> <span class='ocrx_word' id='word_1_98' title='bbox 2152 2268 2194 2301; x_wconf 76' lang='lat' dir='ltr'>s·</span> <span class='ocrx_word' id='word_1_99' title='bbox 2287 2253 2343 2303; x_wconf 92' lang='grc' dir='ltr'>ΙΙ</span> <span class='ocrx_word' id='word_1_100' title='bbox 2379 2252 2491 2303; x_wconf 83' lang='lat' dir='ltr'>Cic.</span> <span class='ocrx_word' id='word_1_101' title='bbox 2521 2253 2585 2302; x_wconf 84' lang='lat' dir='ltr'>de</span> <span class='ocrx_word' id='word_1_102' title='bbox 2605 2252 2695 2303; x_wconf 87' lang='lat' dir='ltr'>fin.</span> 
     </span>
     <span class='ocr_line' id='line_1_17' title="bbox 396 2320 2700 2385; baseline 0 -15"><span class='ocrx_word' id='word_1_103' title='bbox 396 2320 478 2382; x_wconf 92' lang='lat'>11,</span> <span class='ocrx_word' id='word_1_104' title='bbox 506 2323 555 2382; x_wconf 86' lang='lat'>8,</span> <span class='ocrx_word' id='word_1_105' title='bbox 583 2323 650 2371; x_wconf 82' lang='lat'>23</span> <span class='ocrx_word' id='word_1_106' title='bbox 685 2335 836 2371; x_wconf 84' lang='lat' dir='ltr'>nemo</span> <span class='ocrx_word' id='word_1_107' title='bbox 872 2325 1120 2371; x_wconf 87' lang='lat' dir='ltr'>nostrum</span> <span class='ocrx_word' id='word_1_108' title='bbox 1151 2321 1315 2370; x_wconf 86' lang='lat' dir='ltr'>istius</span> <span class='ocrx_word' id='word_1_109' title='bbox 1349 2320 1562 2385; x_wconf 84' lang='lat' dir='ltr'>generis</span> <span class='ocrx_word' id='word_1_110' title='bbox 1598 2325 1783 2372; x_wconf 82' lang='lat' dir='ltr'>asotos</span> <span class='ocrx_word' id='word_1_111' title='bbox 1819 2320 2053 2370; x_wconf 87' lang='lat' dir='ltr'>iucunde</span> <span class='ocrx_word' id='word_1_112' title='bbox 2092 2325 2252 2384; x_wconf 80' lang='lat' dir='ltr'>putat</span> <span class='ocrx_word' id='word_1_113' title='bbox 2287 2321 2490 2370; x_wconf 79' lang='lat' dir='ltr'>vivere.</span> <span class='ocrx_word' id='word_1_114' title='bbox 2548 2337 2700 2371; x_wconf 90' lang='lat' dir='ltr'>mun·</span> 
     </span>
     <span class='ocr_line' id='line_1_18' title="bbox 397 2387 2698 2453; baseline 0 -15"><span class='ocrx_word' id='word_1_115' title='bbox 397 2388 522 2452; x_wconf 83' lang='lat' dir='ltr'>dos,</span> <span class='ocrx_word' id='word_1_116' title='bbox 561 2387 845 2452; x_wconf 80' lang='lat' dir='ltr'>elegantis,</span> <span class='ocrx_word' id='word_1_117' title='bbox 882 2388 1106 2453; x_wconf 87' lang='lat' dir='ltr'>optimis</span> <span class='ocrx_word' id='word_1_118' title='bbox 1141 2388 1303 2450; x_wconf 88' lang='lat' dir='ltr'>cocis,</span> <span class='ocrx_word' id='word_1_119' title='bbox 1340 2389 1655 2453; x_wconf 86' lang='lat' dir='ltr'>pistoribus,</span> <span class='ocrx_word' id='word_1_120' title='bbox 1691 2388 1926 2453; x_wconf 76' lang='lat' dir='ltr'>piscatu,</span> <span class='ocrx_word' id='word_1_121' title='bbox 1965 2389 2225 2453; x_wconf 80' lang='lat' dir='ltr'>aucupin,</span> <span class='ocrx_word' id='word_1_122' title='bbox 2259 2389 2575 2451; x_wconf 81' lang='lat' dir='ltr'>venatione,</span> <span class='ocrx_word' id='word_1_123' title='bbox 2611 2390 2698 2439; x_wconf 85' lang='lat' dir='ltr'>his</span> 
     </span>
     <span class='ocr_line' id='line_1_19' title="bbox 398 2454 2699 2521; baseline 0 -15"><span class='ocrx_word' id='word_1_124' title='bbox 398 2454 655 2506; x_wconf 87' lang='lat' dir='ltr'>omnibus</span> <span class='ocrx_word' id='word_1_125' title='bbox 687 2456 993 2521; x_wconf 79' lang='lat' dir='ltr'>exquisitis,</span> <span class='ocrx_word' id='word_1_126' title='bbox 1028 2457 1271 2505; x_wconf 86' lang='lat' dir='ltr'>vitantes</span> <span class='ocrx_word' id='word_1_127' title='bbox 1307 2456 1648 2518; x_wconf 85' lang='lat' dir='ltr'>cruditatem,</span> <span class='ocrx_word' id='word_1_128' title='bbox 1687 2455 1882 2521; x_wconf 84' lang='lat' dir='ltr'>quibus</span> <span class='ocrx_word' id='word_1_129' title='bbox 1920 2456 2106 2505; x_wconf 82' lang='lat' dir='ltr'>vinum</span> <span class='ocrx_word' id='word_1_130' title='bbox 2142 2456 2193 2506; x_wconf 88' lang='lat' dir='ltr'>d.</span> <span class='ocrx_word' id='word_1_131' title='bbox 2224 2455 2361 2521; x_wconf 90' lang='lat' dir='ltr'>siph.</span> <span class='ocrx_word' id='word_1_132' title='bbox 2396 2460 2457 2505; x_wconf 88' lang='lat' dir='ltr'>ut</span> <span class='ocrx_word' id='word_1_133' title='bbox 2481 2457 2562 2507; x_wconf 84' lang='lat' dir='ltr'>ait</span> <span class='ocrx_word' id='word_1_134' title='bbox 2592 2458 2699 2506; x_wconf 93' lang='lat' dir='ltr'>Lu-</span> 
     </span>
     <span class='ocr_line' id='line_1_20' title="bbox 399 2520 2698 2590; baseline 0.001 -17"><span class='ocrx_word' id='word_1_135' title='bbox 399 2522 568 2575; x_wconf 81' lang='lat' dir='ltr'>cilius</span> <span class='ocrx_word' id='word_1_136' title='bbox 602 2540 646 2573; x_wconf 87' lang='lat' dir='ltr'>e.</span> <span class='ocrx_word' id='word_1_137' title='bbox 673 2540 723 2590; x_wconf 82' lang='lat' dir='ltr'>q.</span> <span class='ocrx_word' id='word_1_138' title='bbox 751 2541 793 2575; x_wconf 87' lang='lat' dir='ltr'>s.</span> <span class='ocrx_word' id='word_1_139' title='bbox 831 2524 887 2588; x_wconf 93' lang='lat' dir='ltr'>(l.</span> <span class='ocrx_word' id='word_1_140' title='bbox 924 2523 1084 2576; x_wconf 86' lang='lat' dir='ltr'>XXII</span> <span class='ocrx_word' id='word_1_141' title='bbox 1119 2523 1290 2574; x_wconf 81' lang='lat' dir='ltr'>adscr.</span> <span class='ocrx_word' id='word_1_142' title='bbox 1328 2523 1422 2586; x_wconf 88' lang='lat' dir='ltr'>M).</span> <span class='ocrx_word' id='word_1_143' title='bbox 1468 2551 1522 2560; x_wconf 88' lang='lat'>·—</span> <span class='ocrx_word' id='word_1_144' title='bbox 1566 2524 1669 2575; x_wconf 88' lang='lat' dir='ltr'>inc.</span> <span class='ocrx_word' id='word_1_145' title='bbox 1707 2524 1771 2573; x_wconf 87' lang='lat' dir='ltr'>de</span> <span class='ocrx_word' id='word_1_146' title='bbox 1797 2523 1916 2578; x_wconf 86' lang='lat' dir='ltr'>dub.</span> <span class='ocrx_word' id='word_1_147' title='bbox 1946 2540 2086 2574; x_wconf 86' lang='lat' dir='ltr'>nom.</span> <span class='ocrx_word' id='word_1_148' title='bbox 2122 2551 2188 2560; x_wconf 92' lang='lat'>--</span> <span class='ocrx_word' id='word_1_149' title='bbox 2228 2520 2327 2589; x_wconf 81' lang='lat' dir='ltr'>[gr.</span> <span class='ocrx_word' id='word_1_150' title='bbox 2362 2522 2456 2577; x_wconf 84' lang='lat' dir='ltr'>lat.</span> <span class='ocrx_word' id='word_1_151' title='bbox 2488 2526 2550 2587; x_wconf 93' lang='lat' dir='ltr'>V,</span> <span class='ocrx_word' id='word_1_152' title='bbox 2576 2521 2698 2589; x_wconf 81' lang='lat'>590]</span> 
     </span>
     <span class='ocr_line' id='line_1_21' title="bbox 398 2591 2695 2656; baseline -0.001 -13"><span class='ocrx_word' id='word_1_153' title='bbox 398 2607 645 2643; x_wconf 83' lang='lat' dir='ltr'>saccus</span> <span class='ocrx_word' id='word_1_154' title='bbox 681 2593 894 2656; x_wconf 78' lang='lat' dir='ltr'>generis</span> <span class='ocrx_word' id='word_1_155' title='bbox 918 2591 1212 2642; x_wconf 80' lang='lat' dir='ltr'>masculini</span> <span class='ocrx_word' id='word_1_156' title='bbox 1235 2595 1298 2641; x_wconf 87' lang='lat' dir='ltr'>ut</span> <span class='ocrx_word' id='word_1_157' title='bbox 1322 2592 1523 2643; x_wconf 84' lang='lat' dir='ltr'>Varro:</span> <span class='ocrx_word' id='word_1_158' title='bbox 1562 2593 1786 2642; x_wconf 82' lang='lat' dir='ltr'>vinum</span> <span class='ocrx_word' id='word_1_159' title='bbox 1810 2593 1919 2642; x_wconf 88' lang='lat' dir='ltr'>cui</span> <span class='ocrx_word' id='word_1_160' title='bbox 1942 2591 2111 2641; x_wconf 89' lang='lat' dir='ltr'>nihil</span> <span class='ocrx_word' id='word_1_161' title='bbox 2140 2592 2456 2643; x_wconf 79' lang='lat' dir='ltr'>sacculus</span> <span class='ocrx_word' id='word_1_162' title='bbox 2480 2594 2695 2643; x_wconf 80' lang='lat' dir='ltr'>abstu-</span> 
     </span>
     <span class='ocr_line' id='line_1_22' title="bbox 400 2659 2699 2725; baseline 0 -16"><span class='ocrx_word' id='word_1_163' title='bbox 400 2660 502 2714; x_wconf 85' lang='lat' dir='ltr'>lit.</span> <span class='ocrx_word' id='word_1_164' title='bbox 596 2660 681 2711; x_wconf 92' lang='lat'>111</span> <span class='ocrx_word' id='word_1_165' title='bbox 726 2662 897 2711; x_wconf 82' lang='lat' dir='ltr'>Varro</span> <span class='ocrx_word' id='word_1_166' title='bbox 922 2660 971 2710; x_wconf 88' lang='lat' dir='ltr'>d.</span> <span class='ocrx_word' id='word_1_167' title='bbox 995 2660 1031 2713; x_wconf 90' lang='lat' dir='ltr'>l.</span> <span class='ocrx_word' id='word_1_168' title='bbox 1057 2659 1120 2709; x_wconf 92' lang='lat' dir='ltr'>L.</span> <span class='ocrx_word' id='word_1_169' title='bbox 1136 2660 1241 2720; x_wconf 85' lang='lat' dir='ltr'>·VI,</span> <span class='ocrx_word' id='word_1_170' title='bbox 1270 2662 1338 2710; x_wconf 83' lang='lat'>69</span> <span class='ocrx_word' id='word_1_171' title='bbox 1374 2660 1613 2725; x_wconf 84' lang='lat' dir='ltr'>spondeo</span> <span class='ocrx_word' id='word_1_172' title='bbox 1651 2676 1684 2710; x_wconf 83' lang='lat' dir='ltr'>a</span> <span class='ocrx_word' id='word_1_173' title='bbox 1721 2666 1973 2724; x_wconf 85' lang='lat' dir='ltr'>sponte.</span> <span class='ocrx_word' id='word_1_174' title='bbox 2043 2675 2169 2709; x_wconf 86' lang='lat' dir='ltr'>nam</span> <span class='ocrx_word' id='word_1_175' title='bbox 2192 2659 2247 2708; x_wconf 84' lang='lat' dir='ltr'>id</span> <span class='ocrx_word' id='word_1_176' title='bbox 2274 2660 2419 2710; x_wconf 80' lang='lat' dir='ltr'>valet</span> <span class='ocrx_word' id='word_1_177' title='bbox 2444 2677 2477 2709; x_wconf 83' lang='lat' dir='ltr'>a</span> <span class='ocrx_word' id='word_1_178' title='bbox 2502 2660 2699 2710; x_wconf 89' lang='lat' dir='ltr'>volun-</span> 
     </span>
     <span class='ocr_line' id='line_1_23' title="bbox 397 2726 2701 2793; baseline -0 -16"><span class='ocrx_word' id='word_1_179' title='bbox 397 2732 533 2778; x_wconf 83' lang='lat' dir='ltr'>tate.</span> <span class='ocrx_word' id='word_1_180' title='bbox 582 2727 769 2793; x_wconf 80' lang='lat' dir='ltr'>itaque</span> <span class='ocrx_word' id='word_1_181' title='bbox 791 2727 1102 2777; x_wconf 80' lang='lat' dir='ltr'>Lucilius</span> <span class='ocrx_word' id='word_1_182' title='bbox 1130 2726 1320 2778; x_wconf 85' lang='lat' dir='ltr'>scribit</span> <span class='ocrx_word' id='word_1_183' title='bbox 1344 2727 1407 2777; x_wconf 88' lang='lat' dir='ltr'>de</span> <span class='ocrx_word' id='word_1_184' title='bbox 1433 2726 1662 2778; x_wconf 81' lang='lat' dir='ltr'>Cretaea</span> <span class='ocrx_word' id='word_1_185' title='bbox 1698 2726 1851 2791; x_wconf 83' lang='lat' dir='ltr'>(Grc</span> <span class='ocrx_word' id='word_1_186' title='bbox 1866 2733 1970 2777; x_wconf 84' lang='lat' dir='ltr'>tea</span> <span class='ocrx_word' id='word_1_187' title='bbox 1994 2727 2141 2782; x_wconf 82' lang='lat' dir='ltr'>Flor.</span> <span class='ocrx_word' id='word_1_188' title='bbox 2165 2760 2229 2768; x_wconf 95' lang='lat'><em>-</em></span> <span class='ocrx_word' id='word_1_189' title='bbox 2254 2727 2291 2778; x_wconf 94' lang='lat' dir='ltr'>l.</span> <span class='ocrx_word' id='word_1_190' title='bbox 2316 2727 2475 2777; x_wconf 88' lang='lat' dir='ltr'>XXII</span> <span class='ocrx_word' id='word_1_191' title='bbox 2504 2728 2701 2777; x_wconf 83' lang='lat' dir='ltr'>tribuit</span> 
     </span>
     <span class='ocr_line' id='line_1_24' title="bbox 397 2794 2692 2858; baseline 0.001 -14"><span class='ocrx_word' id='word_1_192' title='bbox 397 2796 559 2858; x_wconf 81' lang='lat' dir='ltr'>frgm.</span> <span class='ocrx_word' id='word_1_193' title='bbox 598 2795 690 2858; x_wconf 90' lang='lat' dir='ltr'>M).</span> <span class='ocrx_word' id='word_1_194' title='bbox 796 2795 873 2844; x_wconf 91' lang='lat' dir='ltr'>IV</span> <span class='ocrx_word' id='word_1_195' title='bbox 930 2795 1071 2848; x_wconf 86' lang='lat' dir='ltr'>Non.</span> <span class='ocrx_word' id='word_1_196' title='bbox 1097 2797 1196 2845; x_wconf 80' lang='lat'>215</span> <span class='ocrx_word' id='word_1_197' title='bbox 1222 2811 1264 2844; x_wconf 74' lang='lat' dir='ltr'>s·</span> <span class='ocrx_word' id='word_1_198' title='bbox 1288 2811 1339 2845; x_wconf 87' lang='lat' dir='ltr'>v.</span> <span class='ocrx_word' id='word_1_199' title='bbox 1377 2810 1576 2846; x_wconf 88' lang='lat' dir='ltr'>nasus</span> <span class='ocrx_word' id='word_1_200' title='bbox 1615 2822 1680 2831; x_wconf 91' lang='lat'><strong>—</strong></span> <span class='ocrx_word' id='word_1_201' title='bbox 1716 2794 2023 2846; x_wconf 87' lang='lat' dir='ltr'>Lucilius</span> <span class='ocrx_word' id='word_1_202' title='bbox 2061 2795 2153 2845; x_wconf 89' lang='lat' dir='ltr'>lib.</span> <span class='ocrx_word' id='word_1_203' title='bbox 2180 2794 2283 2844; x_wconf 94' lang='lat' dir='ltr'>VII</span> <span class='ocrx_word' id='word_1_204' title='bbox 2310 2795 2566 2845; x_wconf 83' lang='lat' dir='ltr'>—idem</span> <span class='ocrx_word' id='word_1_205' title='bbox 2600 2795 2692 2846; x_wconf 92' lang='lat' dir='ltr'>lib.</span> 
     </span>
     <span class='ocr_line' id='line_1_25' title="bbox 396 2859 2695 2928; baseline 0 -18"><span class='ocrx_word' id='word_1_206' title='bbox 396 2862 567 2913; x_wconf 89' lang='lat' dir='ltr'>XXII</span> <span class='ocrx_word' id='word_1_207' title='bbox 690 2862 739 2914; x_wconf 94' lang='lat' dir='ltr'><strong>V</strong></span> <span class='ocrx_word' id='word_1_208' title='bbox 795 2862 937 2913; x_wconf 86' lang='lat' dir='ltr'>Non.</span> <span class='ocrx_word' id='word_1_209' title='bbox 980 2865 1092 2925; x_wconf 83' lang='lat'>149,</span> <span class='ocrx_word' id='word_1_210' title='bbox 1130 2864 1159 2912; x_wconf 83' lang='lat'>7</span> <span class='ocrx_word' id='word_1_211' title='bbox 1197 2862 1477 2927; x_wconf 82' lang='lat' dir='ltr'>petilum</span> <span class='ocrx_word' id='word_1_212' title='bbox 1513 2861 1839 2928; x_wconf 72' lang='lat' dir='ltr'>&lt;petulum</span> <span class='ocrx_word' id='word_1_213' title='bbox 1873 2862 1919 2910; x_wconf 94' lang='lat' dir='ltr'>L</span> <span class='ocrx_word' id='word_1_214' title='bbox 1944 2859 2031 2928; x_wconf 83' lang='lat'>67)</span> <span class='ocrx_word' id='word_1_215' title='bbox 2068 2868 2230 2913; x_wconf 81' lang='lat' dir='ltr'>tenue</span> <span class='ocrx_word' id='word_1_216' title='bbox 2263 2867 2317 2911; x_wconf 81' lang='lat' dir='ltr'>et</span> <span class='ocrx_word' id='word_1_217' title='bbox 2354 2862 2511 2912; x_wconf 83' lang='lat' dir='ltr'>exile.</span> <span class='ocrx_word' id='word_1_218' title='bbox 2569 2862 2695 2912; x_wconf 91' lang='lat' dir='ltr'>Lu-</span> 
     </span>
     <span class='ocr_line' id='line_1_26' title="bbox 397 2929 2696 2993; baseline -0.001 -13"><span class='ocrx_word' id='word_1_219' title='bbox 397 2931 610 2981; x_wconf 87' lang='lat' dir='ltr'>cilius</span> <span class='ocrx_word' id='word_1_220' title='bbox 649 2929 744 2979; x_wconf 90' lang='lat' dir='ltr'>lib.</span> <span class='ocrx_word' id='word_1_221' title='bbox 780 2929 939 2980; x_wconf 90' lang='lat' dir='ltr'>XXII</span> <span class='ocrx_word' id='word_1_222' title='bbox 993 2929 1199 2993; x_wconf 87' lang='lat' dir='ltr'>(XXII</span> <span class='ocrx_word' id='word_1_223' title='bbox 1234 2930 1317 2992; x_wconf 87' lang='grc' dir='ltr'>Μ,</span> <span class='ocrx_word' id='word_1_224' title='bbox 1365 2931 1488 2980; x_wconf 88' lang='lat' dir='ltr'>XII</span> <span class='ocrx_word' id='word_1_225' title='bbox 1525 2930 1687 2992; x_wconf 87' lang='lat' dir='ltr'>cdd.).</span> <span class='ocrx_word' id='word_1_226' title='bbox 1859 2930 1937 2979; x_wconf 94' lang='lat' dir='ltr'>VI</span> <span class='ocrx_word' id='word_1_227' title='bbox 1999 2931 2136 2980; x_wconf 86' lang='lat' dir='ltr'>Non.</span> <span class='ocrx_word' id='word_1_228' title='bbox 2180 2933 2305 2992; x_wconf 84' lang='lat'>210,</span> <span class='ocrx_word' id='word_1_229' title='bbox 2341 2933 2410 2981; x_wconf 80' lang='lat'>20</span> <span class='ocrx_word' id='word_1_230' title='bbox 2451 2929 2696 2980; x_wconf 82' lang='lat' dir='ltr'>labium</span> 
     </span>
     <span class='ocr_line' id='line_1_27' title="bbox 395 2994 2694 3065; baseline -0.001 -17"><span class='ocrx_word' id='word_1_231' title='bbox 395 2998 631 3065; x_wconf 82' lang='lat' dir='ltr'>(Iavium</span> <span class='ocrx_word' id='word_1_232' title='bbox 666 2997 804 3062; x_wconf 85' lang='lat' dir='ltr'>cdd.)</span> <span class='ocrx_word' id='word_1_233' title='bbox 846 3026 905 3033; x_wconf 89' lang='lat'>—</span> <span class='ocrx_word' id='word_1_234' title='bbox 944 2994 1176 3064; x_wconf 84' lang='lat' dir='ltr'>[Iabeae]</span> <span class='ocrx_word' id='word_1_235' title='bbox 1217 3013 1409 3049; x_wconf 83' lang='lat' dir='ltr'>rursus</span> <span class='ocrx_word' id='word_1_236' title='bbox 1453 2998 1717 3049; x_wconf 86' lang='lat' dir='ltr'>feminini.</span> <span class='ocrx_word' id='word_1_237' title='bbox 1788 2998 2018 3049; x_wconf 80' lang='lat' dir='ltr'>Plautus</span> <span class='ocrx_word' id='word_1_238' title='bbox 2044 3025 2109 3033; x_wconf 92' lang='lat'><em>-</em></span> <span class='ocrx_word' id='word_1_239' title='bbox 2133 2998 2341 3048; x_wconf 84' lang='lat' dir='ltr'>Novius</span> <span class='ocrx_word' id='word_1_240' title='bbox 2371 2997 2595 3047; x_wconf 87' lang='lat' dir='ltr'>-idem</span> <span class='ocrx_word' id='word_1_241' title='bbox 2631 3025 2694 3033; x_wconf 87' lang='lat'>—</span> 
     </span>
     <span class='ocr_line' id='line_1_28' title="bbox 394 3065 2603 3130; baseline 0 -15"><span class='ocrx_word' id='word_1_242' title='bbox 394 3065 711 3116; x_wconf 88' lang='lat' dir='ltr'>Lucilius</span> <span class='ocrx_word' id='word_1_243' title='bbox 748 3070 1056 3128; x_wconf 83' lang='lat' dir='ltr'>satyrarum</span> <span class='ocrx_word' id='word_1_244' title='bbox 1092 3065 1185 3115; x_wconf 87' lang='lat' dir='ltr'>lib.</span> <span class='ocrx_word' id='word_1_245' title='bbox 1226 3065 1384 3115; x_wconf 87' lang='lat' dir='ltr'>XXII</span> <span class='ocrx_word' id='word_1_246' title='bbox 1420 3065 1820 3130; x_wconf 83' lang='lat' dir='ltr'>(vigessimo</span> <span class='ocrx_word' id='word_1_247' title='bbox 1855 3082 1924 3117; x_wconf 90' lang='lat' dir='ltr'>m.</span> <span class='ocrx_word' id='word_1_248' title='bbox 1952 3069 1983 3115; x_wconf 83' lang='lat'>2</span> <span class='ocrx_word' id='word_1_249' title='bbox 2021 3067 2340 3117; x_wconf 82' lang='lat' dir='ltr'>vicesimo</span> <span class='ocrx_word' id='word_1_250' title='bbox 2377 3065 2433 3115; x_wconf 97' lang='lat' dir='ltr'>II</span> <span class='ocrx_word' id='word_1_251' title='bbox 2458 3065 2504 3114; x_wconf 91' lang='lat' dir='ltr'>L</span> <span class='ocrx_word' id='word_1_252' title='bbox 2533 3067 2603 3128; x_wconf 88' lang='lat'>1).</span> 
     </span>
    </p>
   </div>
   <div class='ocr_carea' id='block_1_6' title="bbox 393 3198 827 3205">
    <p class='ocr_par' dir='ltr' id='par_1_6' title="bbox 393 3198 827 3205">
     <span class='ocr_line' id='line_1_29' title="bbox 393 3198 827 3205; baseline 0 1870"><span class='ocrx_word' id='word_1_253' title='bbox 393 3198 827 3205; x_wconf 95' lang='lat' dir='ltr'> </span> 
     </span>
    </p>
   </div>
   <div class='ocr_carea' id='block_1_7' title="bbox 384 3278 2697 4453">
    <p class='ocr_par' dir='ltr' id='par_1_7' title="bbox 384 3278 2697 4367">
     <span class='ocr_line' id='line_1_30' title="bbox 572 3278 2692 3352; baseline -0 -16"><span class='ocrx_word' id='word_1_254' title='bbox 572 3280 609 3336; x_wconf 89' lang='lat'><strong>3</strong></span> <span class='ocrx_word' id='word_1_255' title='bbox 657 3281 756 3336; x_wconf 83' lang='lat' dir='ltr'>illa</span> <span class='ocrx_word' id='word_1_256' title='bbox 803 3278 997 3352; x_wconf 86' lang='lat' dir='ltr'>quibus</span> <span class='ocrx_word' id='word_1_257' title='bbox 1041 3279 1223 3335; x_wconf 82' lang='lat' dir='ltr'>vinum</span> <span class='ocrx_word' id='word_1_258' title='bbox 1255 3295 1359 3336; x_wconf 84' lang='lat' dir='ltr'>seu</span> <span class='ocrx_word' id='word_1_259' title='bbox 1395 3283 1693 3352; x_wconf 81' lang='lat' dir='ltr'>posterius</span> <span class='ocrx_word' id='word_1_260' title='bbox 1723 3288 1883 3337; x_wconf 80' lang='lat' dir='ltr'>certe</span> <span class='ocrx_word' id='word_1_261' title='bbox 1927 3296 2049 3338; x_wconf 87' lang='lat' dir='ltr'>voc.</span> <span class='ocrx_word' id='word_1_262' title='bbox 2084 3298 2134 3336; x_wconf 86' lang='lat' dir='ltr'>v.</span> <span class='ocrx_word' id='word_1_263' title='bbox 2169 3281 2423 3337; x_wconf 83' lang='lat' dir='ltr'>tribuere</span> <span class='ocrx_word' id='word_1_264' title='bbox 2454 3280 2692 3335; x_wconf 84' lang='lat' dir='ltr'>Lucilio.</span> 
     </span>
     <span class='ocr_line' id='line_1_31' title="bbox 390 3363 2697 3438; baseline 0 -19"><span class='ocrx_word' id='word_1_265' title='bbox 390 3395 484 3406; x_wconf 90' lang='lat'>-—</span> <span class='ocrx_word' id='word_1_266' title='bbox 513 3366 743 3438; x_wconf 81' lang='lat' dir='ltr'>quidam</span> <span class='ocrx_word' id='word_1_267' title='bbox 772 3365 908 3420; x_wconf 85' lang='lat' dir='ltr'>libri</span> <span class='ocrx_word' id='word_1_268' title='bbox 933 3364 1203 3419; x_wconf 78' lang='lat' dir='ltr'>diffusum.</span> <span class='ocrx_word' id='word_1_269' title='bbox 1235 3395 1318 3404; x_wconf 91' lang='lat'>——</span> <span class='ocrx_word' id='word_1_270' title='bbox 1348 3365 1453 3420; x_wconf 84' lang='lat' dir='ltr'>siet</span> <span class='ocrx_word' id='word_1_271' title='bbox 1487 3364 1757 3436; x_wconf 82' lang='lat' dir='ltr'>Orellius,</span> <span class='ocrx_word' id='word_1_272' title='bbox 1790 3366 1861 3419; x_wconf 83' lang='lat' dir='ltr'>sit</span> <span class='ocrx_word' id='word_1_273' title='bbox 1892 3367 2019 3421; x_wconf 84' lang='lat' dir='ltr'>cdd.</span> <span class='ocrx_word' id='word_1_274' title='bbox 2065 3394 2134 3404; x_wconf 94' lang='lat'>—</span> <span class='ocrx_word' id='word_1_275' title='bbox 2187 3364 2271 3419; x_wconf 82' lang='lat' dir='ltr'>hir</span> <span class='ocrx_word' id='word_1_276' title='bbox 2302 3363 2601 3437; x_wconf 83' lang='lat' dir='ltr'>siphoneve</span> <span class='ocrx_word' id='word_1_277' title='bbox 2632 3363 2697 3419; x_wconf 89' lang='lat' dir='ltr'><em>M</em></span> 
     </span>
     <span class='ocr_line' id='line_1_32' title="bbox 393 3448 2690 3523; baseline 0 -19"><span class='ocrx_word' id='word_1_278' title='bbox 393 3449 506 3523; x_wconf 77' lang='lat' dir='ltr'>(hir</span> <span class='ocrx_word' id='word_1_279' title='bbox 548 3454 665 3505; x_wconf 83' lang='lat' dir='ltr'>iam</span> <span class='ocrx_word' id='word_1_280' title='bbox 711 3451 853 3523; x_wconf 79' lang='lat' dir='ltr'>celii),</span> <span class='ocrx_word' id='word_1_281' title='bbox 899 3449 1135 3504; x_wconf 79' lang='lat' dir='ltr'>hirsizon</span> <span class='ocrx_word' id='word_1_282' title='bbox 1198 3449 1402 3519; x_wconf 67' lang='lat' dir='ltr'>Vatia,</span> <span class='ocrx_word' id='word_1_283' title='bbox 1450 3450 1708 3522; x_wconf 76' lang='lat' dir='ltr'>hrySIzon</span> <span class='ocrx_word' id='word_1_284' title='bbox 1753 3450 1910 3520; x_wconf 62' lang='lat' dir='ltr'><em>Pal„</em></span> <span class='ocrx_word' id='word_1_285' title='bbox 1961 3448 2260 3522; x_wconf 86' lang='lat' dir='ltr'>hirsyphon</span> <span class='ocrx_word' id='word_1_286' title='bbox 2307 3451 2396 3504; x_wconf 84' lang='lat' dir='ltr'>cd.</span> <span class='ocrx_word' id='word_1_287' title='bbox 2443 3448 2690 3522; x_wconf 81' lang='lat' dir='ltr'>Morelii,</span> 
     </span>
     <span class='ocr_line' id='line_1_33' title="bbox 384 3531 2693 3607; baseline -0 -18"><span class='ocrx_word' id='word_1_288' title='bbox 384 3536 695 3607; x_wconf 79' lang='lat' dir='ltr'>‘perbonus</span> <span class='ocrx_word' id='word_1_289' title='bbox 724 3535 839 3590; x_wconf 87' lang='lat' dir='ltr'>ille.</span> <span class='ocrx_word' id='word_1_290' title='bbox 870 3563 953 3573; x_wconf 92' lang='lat'>——-</span> <span class='ocrx_word' id='word_1_291' title='bbox 997 3533 1073 3588; x_wconf 87' lang='lat' dir='ltr'>nil</span> <span class='ocrx_word' id='word_1_292' title='bbox 1105 3551 1180 3604; x_wconf 85' lang='lat' dir='ltr'>v.,</span> <span class='ocrx_word' id='word_1_293' title='bbox 1212 3532 1344 3588; x_wconf 87' lang='lat' dir='ltr'>nihil</span> <span class='ocrx_word' id='word_1_294' title='bbox 1377 3535 1503 3590; x_wconf 84' lang='lat' dir='ltr'>cdd.</span> <span class='ocrx_word' id='word_1_295' title='bbox 1541 3564 1617 3573; x_wconf 93' lang='lat'>—</span> <span class='ocrx_word' id='word_1_296' title='bbox 1653 3533 1878 3607; x_wconf 86' lang='lat' dir='ltr'>siphove</span> <span class='ocrx_word' id='word_1_297' title='bbox 1914 3531 2193 3596; x_wconf 76' lang='lat' dir='ltr'>Orellius:</span> <span class='ocrx_word' id='word_1_298' title='bbox 2236 3535 2391 3607; x_wconf 81' lang='lat' dir='ltr'>quod</span> <span class='ocrx_word' id='word_1_299' title='bbox 2417 3535 2568 3589; x_wconf 84' lang='lat' dir='ltr'>sicui</span> <span class='ocrx_word' id='word_1_300' title='bbox 2596 3552 2693 3588; x_wconf 87' lang='lat' dir='ltr'>ar-</span> 
     </span>
     <span class='ocr_line' id='line_1_34' title="bbox 392 3613 2691 3689; baseline 0 -15"><span class='ocrx_word' id='word_1_301' title='bbox 392 3622 618 3689; x_wconf 79' lang='lat' dir='ltr'>riserit,</span> <span class='ocrx_word' id='word_1_302' title='bbox 664 3619 1033 3675; x_wconf 83' lang='lat' dir='ltr'>scribendum</span> <span class='ocrx_word' id='word_1_303' title='bbox 1078 3622 1187 3674; x_wconf 83' lang='lat' dir='ltr'>erit</span> <span class='ocrx_word' id='word_1_304' title='bbox 1230 3617 1362 3673; x_wconf 86' lang='lat' dir='ltr'>nihil</span> <span class='ocrx_word' id='word_1_305' title='bbox 1408 3620 1514 3673; x_wconf 86' lang='lat' dir='ltr'>cui.</span> <span class='ocrx_word' id='word_1_306' title='bbox 1644 3617 1682 3672; x_wconf 88' lang='grc'>4</span> <span class='ocrx_word' id='word_1_307' title='bbox 1730 3618 1905 3673; x_wconf 82' lang='lat' dir='ltr'>durIst</span> <span class='ocrx_word' id='word_1_308' title='bbox 1948 3634 2067 3673; x_wconf 89' lang='lat' dir='ltr'>cum</span> <span class='ocrx_word' id='word_1_309' title='bbox 2114 3617 2184 3673; x_wconf 89' lang='lat' dir='ltr'><em>M</em></span> <span class='ocrx_word' id='word_1_310' title='bbox 2224 3613 2477 3689; x_wconf 77' lang='lat' dir='ltr'>(duri‘sit</span> <span class='ocrx_word' id='word_1_311' title='bbox 2522 3616 2691 3674; x_wconf 75' lang='lat' dir='ltr'>Mad-</span> 
     </span>
     <span class='ocr_line' id='line_1_35' title="bbox 393 3699 2692 3778; baseline -0.001 -18"><span class='ocrx_word' id='word_1_312' title='bbox 393 3699 622 3778; x_wconf 74' lang='lat' dir='ltr'>viyius),</span> <span class='ocrx_word' id='word_1_313' title='bbox 654 3702 783 3757; x_wconf 85' lang='lat' dir='ltr'>dum</span> <span class='ocrx_word' id='word_1_314' title='bbox 814 3704 884 3758; x_wconf 80' lang='lat' dir='ltr'>sit</span> <span class='ocrx_word' id='word_1_315' title='bbox 914 3703 1038 3760; x_wconf 79' lang='lat' dir='ltr'>cdd.</span> <span class='ocrx_word' id='word_1_316' title='bbox 1067 3704 1356 3776; x_wconf 81' lang='lat' dir='ltr'>plerique.</span> <span class='ocrx_word' id='word_1_317' title='bbox 1400 3733 1483 3743; x_wconf 94' lang='lat'><strong>—</strong></span> <span class='ocrx_word' id='word_1_318' title='bbox 1528 3703 1618 3757; x_wconf 89' lang='lat' dir='ltr'>nix</span> <span class='ocrx_word' id='word_1_319' title='bbox 1650 3702 1979 3774; x_wconf 85' lang='lat' dir='ltr'>Lambinus,</span> <span class='ocrx_word' id='word_1_320' title='bbox 2024 3702 2102 3756; x_wconf 90' lang='lat' dir='ltr'>vis</span> <span class='ocrx_word' id='word_1_321' title='bbox 2143 3703 2296 3759; x_wconf 83' lang='lat' dir='ltr'>libri.</span> <span class='ocrx_word' id='word_1_322' title='bbox 2343 3732 2427 3743; x_wconf 92' lang='lat'>—-</span> <span class='ocrx_word' id='word_1_323' title='bbox 2470 3700 2692 3757; x_wconf 76' lang='lat' dir='ltr'>abstulit</span> 
     </span>
     <span class='ocr_line' id='line_1_36' title="bbox 394 3785 2688 3859; baseline -0.001 -15"><span class='ocrx_word' id='word_1_324' title='bbox 394 3795 556 3844; x_wconf 83' lang='lat' dir='ltr'>auct.</span> <span class='ocrx_word' id='word_1_325' title='bbox 604 3790 676 3843; x_wconf 84' lang='lat' dir='ltr'>de</span> <span class='ocrx_word' id='word_1_326' title='bbox 705 3788 835 3843; x_wconf 83' lang='lat' dir='ltr'>dub.</span> <span class='ocrx_word' id='word_1_327' title='bbox 875 3790 1085 3845; x_wconf 85' lang='lat' dir='ltr'>nomin.</span> <span class='ocrx_word' id='word_1_328' title='bbox 1258 3787 1295 3844; x_wconf 86' lang='lat'>5</span> <span class='ocrx_word' id='word_1_329' title='bbox 1342 3803 1479 3859; x_wconf 81' lang='lat' dir='ltr'>quae</span> <span class='ocrx_word' id='word_1_330' title='bbox 1512 3817 1590 3828; x_wconf 90' lang='lat'>--·</span> <span class='ocrx_word' id='word_1_331' title='bbox 1627 3786 1856 3843; x_wconf 81' lang='lat' dir='ltr'>adducta</span> <span class='ocrx_word' id='word_1_332' title='bbox 1900 3787 2312 3844; x_wconf 76' lang='lat' dir='ltr'>Lachmannus</span> <span class='ocrx_word' id='word_1_333' title='bbox 2356 3805 2427 3844; x_wconf 88' lang='lat' dir='ltr'>m.</span> <span class='ocrx_word' id='word_1_334' title='bbox 2475 3785 2586 3843; x_wconf 69' lang='grc' dir='ltr'>Βῆ.</span> <span class='ocrx_word' id='word_1_335' title='bbox 2633 3805 2688 3842; x_wconf 85' lang='grc' dir='ltr'>α.</span> 
     </span>
     <span class='ocr_line' id='line_1_37' title="bbox 397 3870 2689 3944; baseline -0 -17"><span class='ocrx_word' id='word_1_336' title='bbox 397 3872 588 3944; x_wconf 83' lang='grc'>1839,</span> <span class='ocrx_word' id='word_1_337' title='bbox 649 3872 748 3944; x_wconf 88' lang='lat' dir='ltr'>VI,</span> <span class='ocrx_word' id='word_1_338' title='bbox 793 3871 947 3940; x_wconf 76' lang='lat'><strong>1173</strong></span> <span class='ocrx_word' id='word_1_339' title='bbox 992 3888 1114 3927; x_wconf 86' lang='lat' dir='ltr'>cum</span> <span class='ocrx_word' id='word_1_340' title='bbox 1158 3871 1223 3927; x_wconf 80' lang='lat' dir='ltr'>ad</span> <span class='ocrx_word' id='word_1_341' title='bbox 1268 3888 1327 3927; x_wconf 86' lang='lat' dir='ltr'>se</span> <span class='ocrx_word' id='word_1_342' title='bbox 1372 3870 1608 3928; x_wconf 82' lang='lat' dir='ltr'>cubitum</span> <span class='ocrx_word' id='word_1_343' title='bbox 1659 3873 1864 3927; x_wconf 80' lang='lat' dir='ltr'>venerit</span> <span class='ocrx_word' id='word_1_344' title='bbox 1908 3871 2025 3943; x_wconf 84' lang='lat' dir='ltr'>(sua</span> <span class='ocrx_word' id='word_1_345' title='bbox 2070 3872 2348 3927; x_wconf 81' lang='lat' dir='ltr'>voluntate</span> <span class='ocrx_word' id='word_1_346' title='bbox 2380 3873 2511 3928; x_wconf 82' lang='lat' dir='ltr'>add.</span> <span class='ocrx_word' id='word_1_347' title='bbox 2543 3873 2689 3940; x_wconf 65' lang='lat' dir='ltr'>cdd„</span> 
     </span>
     <span class='ocr_line' id='line_1_38' title="bbox 394 3951 2691 4030; baseline -0.002 -17"><span class='ocrx_word' id='word_1_348' title='bbox 394 3959 511 4013; x_wconf 83' lang='lat' dir='ltr'>del.</span> <span class='ocrx_word' id='word_1_349' title='bbox 544 3951 725 4029; x_wconf 83' lang='lat' dir='ltr'>Scal.)</span> <span class='ocrx_word' id='word_1_350' title='bbox 758 3963 955 4030; x_wconf 86' lang='lat' dir='ltr'>sponte</span> <span class='ocrx_word' id='word_1_351' title='bbox 983 3958 1155 4030; x_wconf 84' lang='lat' dir='ltr'>ipsam</span> <span class='ocrx_word' id='word_1_352' title='bbox 1184 3964 1373 4030; x_wconf 76' lang='lat' dir='ltr'>suapte</span> <span class='ocrx_word' id='word_1_353' title='bbox 1403 3955 1686 4012; x_wconf 80' lang='lat' dir='ltr'>adductam</span> <span class='ocrx_word' id='word_1_354' title='bbox 1727 3956 1932 4012; x_wconf 80' lang='lat' dir='ltr'>Varro.</span> <span class='ocrx_word' id='word_1_355' title='bbox 2051 3956 2085 4013; x_wconf 88' lang='grc'>7</span> <span class='ocrx_word' id='word_1_356' title='bbox 2132 3971 2390 4012; x_wconf 83' lang='lat' dir='ltr'>soeraene</span> <span class='ocrx_word' id='word_1_357' title='bbox 2419 3956 2486 4012; x_wconf 92' lang='lat' dir='ltr'><em>M</em></span> <span class='ocrx_word' id='word_1_358' title='bbox 2515 3951 2691 4029; x_wconf 82' lang='lat' dir='ltr'>(surae</span> 
     </span>
     <span class='ocr_line' id='line_1_39' title="bbox 390 4035 2688 4114; baseline -0.002 -17"><span class='ocrx_word' id='word_1_359' title='bbox 390 4044 514 4097; x_wconf 82' lang='lat' dir='ltr'>iam</span> <span class='ocrx_word' id='word_1_360' title='bbox 561 4040 782 4112; x_wconf 84' lang='lat' dir='ltr'>Aldus),</span> <span class='ocrx_word' id='word_1_361' title='bbox 828 4058 1020 4097; x_wconf 85' lang='lat' dir='ltr'>serene</span> <span class='ocrx_word' id='word_1_362' title='bbox 1066 4042 1193 4099; x_wconf 82' lang='lat' dir='ltr'>cdd.</span> <span class='ocrx_word' id='word_1_363' title='bbox 1237 4071 1322 4081; x_wconf 93' lang='lat'>--</span> <span class='ocrx_word' id='word_1_364' title='bbox 1366 4039 1600 4114; x_wconf 84' lang='lat' dir='ltr'>pedesne</span> <span class='ocrx_word' id='word_1_365' title='bbox 1633 4039 1698 4094; x_wconf 88' lang='lat' dir='ltr'><em>M</em></span> <span class='ocrx_word' id='word_1_366' title='bbox 1741 4035 2025 4114; x_wconf 81' lang='lat' dir='ltr'>(sequitur</span> <span class='ocrx_word' id='word_1_367' title='bbox 2067 4037 2280 4114; x_wconf 88' lang='lat' dir='ltr'>nepos),</span> <span class='ocrx_word' id='word_1_368' title='bbox 2328 4040 2492 4114; x_wconf 87' lang='lat' dir='ltr'>pedes</span> <span class='ocrx_word' id='word_1_369' title='bbox 2536 4041 2583 4095; x_wconf 91' lang='lat' dir='ltr'>L</span> <span class='ocrx_word' id='word_1_370' title='bbox 2630 4040 2688 4109; x_wconf 77' lang='lat'>1,</span> 
     </span>
     <span class='ocr_line' id='line_1_40' title="bbox 394 4125 2688 4200; baseline -0.001 -19"><span class='ocrx_word' id='word_1_371' title='bbox 394 4126 504 4200; x_wconf 73' lang='lat' dir='ltr'>ped</span> <span class='ocrx_word' id='word_1_372' title='bbox 551 4126 616 4183; x_wconf 81' lang='lat' dir='ltr'>G.</span> <span class='ocrx_word' id='word_1_373' title='bbox 661 4156 747 4168; x_wconf 90' lang='lat'>--</span> <span class='ocrx_word' id='word_1_374' title='bbox 789 4130 847 4182; x_wconf 84' lang='lat' dir='ltr'>in</span> <span class='ocrx_word' id='word_1_375' title='bbox 889 4128 1009 4199; x_wconf 82' lang='lat' dir='ltr'>fine</span> <span class='ocrx_word' id='word_1_376' title='bbox 1053 4128 1183 4183; x_wconf 83' lang='lat' dir='ltr'>add.</span> <span class='ocrx_word' id='word_1_377' title='bbox 1231 4127 1277 4182; x_wconf 94' lang='lat' dir='ltr'>L</span> <span class='ocrx_word' id='word_1_378' title='bbox 1312 4126 1343 4180; x_wconf 91' lang='lat'>1</span> <span class='ocrx_word' id='word_1_379' title='bbox 1391 4125 1495 4180; x_wconf 83' lang='lat' dir='ltr'>dici</span> <span class='ocrx_word' id='word_1_380' title='bbox 1541 4142 1600 4193; x_wconf 81' lang='lat'>03</span> <span class='ocrx_word' id='word_1_381' title='bbox 1647 4141 1798 4198; x_wconf 83' lang='lat' dir='ltr'>quae</span> <span class='ocrx_word' id='word_1_382' title='bbox 1838 4132 1969 4197; x_wconf 82' lang='lat' dir='ltr'>post</span> <span class='ocrx_word' id='word_1_383' title='bbox 2000 4141 2175 4182; x_wconf 83' lang='lat' dir='ltr'>erasa</span> <span class='ocrx_word' id='word_1_384' title='bbox 2216 4133 2363 4181; x_wconf 84' lang='lat' dir='ltr'>sunt.</span> <span class='ocrx_word' id='word_1_385' title='bbox 2456 4139 2525 4180; x_wconf 84' lang='lat' dir='ltr'>ea</span> <span class='ocrx_word' id='word_1_386' title='bbox 2571 4125 2688 4180; x_wconf 78' lang='lat' dir='ltr'>huc</span> 
     </span>
     <span class='ocr_line' id='line_1_41' title="bbox 392 4207 2687 4284; baseline -0.002 -18"><span class='ocrx_word' id='word_1_387' title='bbox 392 4213 562 4267; x_wconf 79' lang='lat' dir='ltr'>illata</span> <span class='ocrx_word' id='word_1_388' title='bbox 609 4227 690 4267; x_wconf 77' lang='lat' dir='ltr'>ex</span> <span class='ocrx_word' id='word_1_389' title='bbox 728 4214 1017 4283; x_wconf 80' lang='lat' dir='ltr'>proximis</span> <span class='ocrx_word' id='word_1_390' title='bbox 1045 4213 1161 4267; x_wconf 83' lang='lat' dir='ltr'>illis</span> <span class='ocrx_word' id='word_1_391' title='bbox 1190 4227 1359 4283; x_wconf 86' lang='lat' dir='ltr'>nepos</span> <span class='ocrx_word' id='word_1_392' title='bbox 1390 4209 1494 4265; x_wconf 85' lang='lat' dir='ltr'>dici</span> <span class='ocrx_word' id='word_1_393' title='bbox 1539 4219 1593 4264; x_wconf 85' lang='lat' dir='ltr'>et</span> <span class='ocrx_word' id='word_1_394' title='bbox 1626 4209 1818 4265; x_wconf 78' lang='lat' dir='ltr'>femina</span> <span class='ocrx_word' id='word_1_395' title='bbox 1850 4219 2053 4284; x_wconf 68' lang='lat' dir='ltr'>potest.</span> <span class='ocrx_word' id='word_1_396' title='bbox 2187 4209 2223 4265; x_wconf 88' lang='lat'>8</span> <span class='ocrx_word' id='word_1_397' title='bbox 2273 4209 2410 4263; x_wconf 79' lang='lat' dir='ltr'>varis</span> <span class='ocrx_word' id='word_1_398' title='bbox 2440 4207 2687 4263; x_wconf 77' lang='lat' dir='ltr'>cruribus</span> 
     </span>
     <span class='ocr_line' id='line_1_42' title="bbox 404 4290 2686 4367; baseline -0.001 -17"><span class='ocrx_word' id='word_1_399' title='bbox 404 4296 705 4365; x_wconf 69' lang='lat' dir='ltr'>Reatinus,</span> <span class='ocrx_word' id='word_1_400' title='bbox 753 4297 909 4351; x_wconf 79' lang='lat' dir='ltr'>variis</span> <span class='ocrx_word' id='word_1_401' title='bbox 952 4295 1202 4352; x_wconf 81' lang='lat' dir='ltr'>crucibus</span> <span class='ocrx_word' id='word_1_402' title='bbox 1248 4297 1471 4366; x_wconf 84' lang='lat' dir='ltr'>scripti.</span> <span class='ocrx_word' id='word_1_403' title='bbox 1522 4325 1594 4334; x_wconf 90' lang='lat'>—-</span> <span class='ocrx_word' id='word_1_404' title='bbox 1647 4310 1709 4349; x_wconf 80' lang='lat' dir='ltr'>ex</span> <span class='ocrx_word' id='word_1_405' title='bbox 1753 4312 1847 4366; x_wconf 84' lang='lat' dir='ltr'>pr.</span> <span class='ocrx_word' id='word_1_406' title='bbox 1895 4313 1966 4350; x_wconf 89' lang='lat' dir='ltr'>m.</span> <span class='ocrx_word' id='word_1_407' title='bbox 2001 4295 2066 4350; x_wconf 86' lang='lat' dir='ltr'>G.</span> <span class='ocrx_word' id='word_1_408' title='bbox 2116 4324 2189 4332; x_wconf 91' lang='lat'>—</span> <span class='ocrx_word' id='word_1_409' title='bbox 2239 4293 2418 4367; x_wconf 77' lang='lat' dir='ltr'>petilis</span> <span class='ocrx_word' id='word_1_410' title='bbox 2463 4290 2686 4363; x_wconf 78' lang='lat' dir='ltr'>scripti.</span> 
     </span>
    </p>

    <p class='ocr_par' dir='ltr' id='par_1_8' title="bbox 530 4378 2122 4453">
     <span class='ocr_line' id='line_1_43' title="bbox 530 4378 2122 4453; baseline -0.003 -16"><span class='ocrx_word' id='word_1_411' title='bbox 530 4380 566 4437; x_wconf 87' lang='lat'>9</span> <span class='ocrx_word' id='word_1_412' title='bbox 612 4379 866 4453; x_wconf 80' lang='lat' dir='ltr'>ZopIrion</span> <span class='ocrx_word' id='word_1_413' title='bbox 912 4379 957 4435; x_wconf 89' lang='lat' dir='ltr'>L</span> <span class='ocrx_word' id='word_1_414' title='bbox 1006 4380 1060 4435; x_wconf 93' lang='grc'>1.</span> <span class='ocrx_word' id='word_1_415' title='bbox 1106 4411 1191 4420; x_wconf 93' lang='lat'>——</span> <span class='ocrx_word' id='word_1_416' title='bbox 1236 4379 1398 4434; x_wconf 80' lang='lat' dir='ltr'>labias</span> <span class='ocrx_word' id='word_1_417' title='bbox 1446 4378 1498 4434; x_wconf 81' lang='grc' dir='ltr'>Ι).</span> <span class='ocrx_word' id='word_1_418' title='bbox 1551 4407 1619 4419; x_wconf 90' lang='lat'>—-·</span> <span class='ocrx_word' id='word_1_419' title='bbox 1673 4378 1814 4435; x_wconf 76' lang='lat' dir='ltr'>cedit</span> <span class='ocrx_word' id='word_1_420' title='bbox 1861 4379 1929 4449; x_wconf 85' lang='lat' dir='ltr'>G,</span> <span class='ocrx_word' id='word_1_421' title='bbox 1973 4381 2020 4435; x_wconf 99' lang='lat' dir='ltr'>L</span> <span class='ocrx_word' id='word_1_422' title='bbox 2069 4379 2122 4433; x_wconf 91' lang='lat'>1.</span> 
     </span>
    </p>
   </div>
  </div>
 </body>
</html>
