3267 5075
718 375 849 441 282
1480 376 1580 431 EX
1615 376 1850 432 LIBRIS
1889 376 2244 433 INCERTIS.

888 544 987 602 80.
1046 543 1242 600 Paulus
1263 540 1372 601 98:
1419 544 1689 618 gulliocae
1719 561 1917 601 nucum
1948 545 2284 620 iuglandium
2309 561 2515 602 summa
2546 552 2600 601 et
2635 543 2821 600 viridia
2848 552 2998 618 puta·

720 630 878 684 mina.
951 638 1006 685 at
1051 628 1239 704 glosac
1270 630 1456 704 Steph.
1499 629 1618 688 105
1633 648 1654 708 ².
1694 630 1911 704 gulluca
1955 626 2314 704 καρυοτομία
2345 629 2741 704 (καροιοτομια
2773 628 2995 703 Steph.).

886 714 986 771 83.
1063 717 1191 770 ibus
1219 712 1365 769 brevi
1395 718 1433 787 i,
1481 722 1542 770 ut
1587 713 1939 789 plerumque3
1986 726 2089 772 cet.
2135 715 2281 771 cons.
2314 715 2496 771 Lchm.
2528 716 2582 770 in
2614 708 2777 772 Lucr.
2811 710 2995 770 comm.

718 798 860 857 262.
911 830 985 838 —
1033 798 1168 855 illud
1214 801 1478 871 clepset-e
1522 816 1629 855 non
1676 808 1826 856 recte
1868 816 2123 873 praesens
2168 817 2290 856 csse
2332 808 2486 873 putat
2530 798 2845 869 Muellerum,
2887 815 2996 855 cum

716 885 788 939 sit
831 884 1153 958 perfectum.
1183 915 1265 923 —
1291 884 1429 956 foro
1472 888 1573 957 qui
1581 908 1599 948 ‚·
1642 885 1716 940 ita
1760 883 1954 952 codd.;
2000 885 2277 959 Scaligero
2324 884 2526 959 placuit
2561 885 2818 957 foroque
2863 884 2995 957 quod

716 977 893 1024 tamen
939 985 1046 1025 uon
1093 970 1280 1042 capio,
1340 986 1660 1043 quamquam
1718 986 1787 1025 nc
1835 968 1885 1024 id
1941 970 2153 1043 quidem
2201 968 2346 1043 quod
2403 970 2704 1042 antiquitus
2751 969 2993 1025 traditum

717 1052 892 1108 fertur
950 1054 1080 1109 satis
1138 1069 1390 1109 securum
1447 1071 1568 1111 csse
1628 1055 1894 1110 existimo.
1976 1057 2022 1110 si
2081 1062 2229 1111 recte
2288 1053 2483 1125 hahet,
2542 1054 2994 1128 interpretandum

716 1138 963 1194 existimo
994 1139 1093 1193 ita:
1140 1137 1374 1211 aliquoS‚
1421 1140 1513 1212 qui
1558 1140 1614 1194 in
1662 1138 1781 1195 loro
1827 1138 1893 1194 de
1938 1139 2101 1195 rebus
2146 1142 2224 1196 eis
2252 1138 2625 1195 subduxerunt
2670 1137 2993 1212 nescioquid.

886 1221 987 1281 84.
1076 1222 1241 1296 vulgo
1302 1222 1478 1279 fertur
1537 1230 1815 1296 quantum
1879 1226 2159 1282 hinnitum
2217 1233 2391 1297 atque
2446 1228 2765 1297 equitatum
2779 1247 2797 1286 ‚·
2860 1214 2991 1297 quod

714 1307 957 1380 ineptum
1003 1323 1123 1362 esse
1181 1308 1348 1364 miror
1402 1308 1642 1364 nondum
1688 1309 1932 1365 extitisse
1986 1311 2079 1382 qui
2134 1308 2357 1365 videret.
2445 1310 2645 1365 etenim
2701 1324 2827 1364 cum
2880 1315 2992 1381 agat

717 1390 883 1446 Varro
939 1390 1006 1447 de
1064 1392 1333 1449 translatis
1386 1394 1441 1449 in
1498 1394 1746 1450 homines
1802 1393 2023 1450 vocibus
2079 1392 2416 1463 animalium,
2472 1393 2655 1449 nullus
2713 1391 2868 1449 locus
2918 1393 2993 1448 hic

714 1476 996 1549 equitatui.
1045 1507 1124 1516 —
1170 1476 1302 1533 illud
1347 1477 1522 1533 solum
1569 1485 1752 1552 potest
1795 1477 2026 1535 dubitari
2071 1486 2252 1534 utrum
2297 1477 2666 1552 reponendum
2714 1479 2789 1532 sit
2828 1480 2989 1551 quiri·

716 1567 895 1617 tatum
939 1578 1006 1617 an
1049 1561 1380 1620 heiulatum.
1469 1562 1700 1636 praetuli
1744 1558 1906 1634 illud,
1970 1565 2091 1637 quia
2137 1564 2381 1637 proxime
2425 1561 2605 1618 aberat
2658 1580 2690 1617 a
2733 1564 2985 1636 scriptura

714 1643 998 1719 librorum,
1042 1645 1201 1702 simul
1247 1655 1308 1702 ut
1351 1646 1597 1721 dactylici
1644 1649 1828 1721 potius
1873 1665 2031 1722 quam
2074 1647 2333 1704 trochaici
2380 1648 2588 1702 numeri
2633 1646 2939 1703 existerent.

882 1729 982 1787 85.
1059 1732 1294 1804 pertinet
1337 1733 1399 1787 att
1435 1741 1650 1806 poetam
1694 1733 1990 1806 elegiacum
2021 1732 2359 1804 eundemque
2401 1733 2696 1806 sapientiae
2729 1740 2994 1806 praestan:

712 1816 978 1871 tissimum
1021 1825 1447 1892 praeceptorem,
1494 1819 1646 1873 cuius
1690 1819 1793 1873 iam
1823 1816 2197 1891 Xenophontis
2242 1824 2487 1890 tempore
2531 1818 2584 1872 iu
2619 1816 2821 1873 scholis
2847 1816 2982 1873 lecti-

712 1898 963 1957 tabantur
1005 1903 1255 1958 carmina.
1343 1911 1531 1958 notum
1577 1900 1919 1977 proverbium
1963 1903 2288 1973 Graecorum

966 2014 1127 2078 τουτὶ
1165 2014 1277 2096 μὲν
1316 2016 1488 2101 ᾔδειν
1527 2016 1672 2100 πρὶν
1717 2015 1967 2100 Θέογνιν
2008 2016 2334 2099 γεγονέναι.

881 2142 982 2199 86.
1058 2142 1120 2198 ad
1168 2142 1410 2199 lacunam
1462 2145 1516 2200 in
1571 2144 1748 2200 verbis
1792 2143 1982 2201 Lucilii
2024 2142 2338 2217 explendam
2395 2141 2548 2217 plura
2604 2150 2736 2197 sunt
2777 2149 2976 2215 praesto

714 2224 878 2282 veluti
924 2230 1268 2283 conitenlum
1313 2229 1424 2283 sive
1468 2237 1879 2299 excavatum,
1927 2236 1985 2283 ut
2028 2228 2163 2283 dixit
2206 2227 2475 2301 Vergilius
2531 2244 2651 2282 aen.
2700 2222 2826 2295 vlit,
2866 2223 2976 2281 424

704 2312 937 2382 ferrum
982 2314 1342 2369 exercebant
1388 2321 1548 2370 vaslo
1593 2313 1875 2386 Cyclopes
1918 2317 1976 2369 in
2022 2320 2225 2375 antro,-
2270 2311 2432 2368 modo
2475 2310 2611 2368 illud
2656 2311 2802 2385 quod
2831 2309 2975 2365 Scali-

710 2413 846 2468 gero
903 2396 1106 2469 placuit
1160 2398 1523 2456 tuditantium
1578 2400 1787 2455 reicias,
1846 2429 1922 2437 —
1982 2407 2220 2453 ceterum
2279 2406 2515 2470 nugatur
2568 2395 2805 2452 Isidorus
2868 2395 2970 2450 cuin

713 2480 967 2554 pusillum
1015 2481 1265 2538 malleum
1310 2499 1430 2539 esse
1478 2483 1771 2540 marculum
1816 2481 2033 2558 probari
2079 2481 2191 2538 volt
2236 2482 2341 2539 hoc
2383 2480 2525 2538 loco.

879 2567 976 2623 89.
1049 2568 1190 2640 fora
1238 2569 1605 2632 mercatush.
1652 2569 1689 2624 l.
1734 2567 2038 2641 significare
2081 2566 2242 2623 docet
2285 2566 2581 2624 Charisius,

880 2652 980 2710 93.
1054 2650 1143 2708 illa
1187 2655 1341 2725 quod
1374 2671 1488 2723 pro
1520 2655 1742 2710 minore
1785 2661 2029 2725 emptum
2073 2669 2212 2725 quae
2242 2652 2501 2724 leguntur
2535 2652 2658 2708 loco
2691 2652 2967 2726 posteriore

621 2749 622 2752 ’
709 2736 933 2793 Charisii
978 2735 1117 2793 haud
1161 2735 1324 2793 ‹luhie
1368 2747 1497 2793 sunt
1541 2738 1801 2812 reliquiae
1845 2737 2032 2811 glosae
2076 2746 2229 2811 parte
2273 2734 2558 2792 verborum
2612 2745 2879 2796 truncatae
2919 2741 2966 2788 ut

709 2830 837 2894 puta
870 2821 990 2877 talis
1019 2824 1173 2894 quod
1196 2840 1308 2894 pro
1345 2826 1535 2894 pluris
1565 2830 1621 2879 el
1651 2826 1884 2879 minoris
1915 2830 2161 2894 emptum
2197 2825 2373 2894 pture
2400 2830 2456 2878 et
2486 2825 2705 2879 minore
2748 2828 2965 2893 emptum

706 2906 972 2964 dicebant
1001 2910 1239 2980 antiqui,
1285 2909 1397 2963 sive
1441 2909 1699 2982 scriptum
1743 2906 1847 2962 fuit
1877 2907 2007 2963 olim
2037 2909 2191 2980 quod
2215 2909 2388 2978 plura
2418 2913 2473 2963 el
2503 2910 2962 2977 minore-emplum

706 2991 973 3047 dicebant
1017 2995 1256 3064 antiqui.
1346 3009 1482 3066 quae
1523 2994 1734 3049 invecta
1777 2999 1963 3066 aperte
2007 3009 2072 3046 ex
2119 3009 2211 3065 pg.
2260 2989 2361 3047 84.

878 3074 978 3132 95.
1053 3077 1356 3149 suffocare
1406 3080 1661 3135 lacunas
1704 3079 1739 3132 i.
1787 3093 1836 3132 e.
1880 3079 2166 3150 laquna33
2221 3074 2423 3131 {lictum
2479 3086 2616 3149 puto
2672 3075 2737 3132 de
2786 3088 2846 3130 eo
2885 3073 2960 3146 qui

706 3162 960 3216 corticem
1007 3160 1376 3218 vehementius
1420 3161 1587 3233 adigit
1628 3163 1684 3217 iu
1716 3162 1993 3236 lagoenas,
2038 3177 2266 3235 quarum
2298 3177 2391 3216 ora
2422 3159 2670 3217 solebant
2698 3176 2810 3216 esse
2847 3167 2957 3214 arta.

704 3247 953 3319 layunas
997 3263 1098 3320 pro
1141 3249 1449 3320 laqoena83
1492 3246 1562 3303 ct'.
1597 3245 1664 3302 de
1690 3263 1749 3302 ea
1781 3245 1952 3304 forma
1983 3246 2311 3303 Fleckeiseni
2340 3244 2580 3302 libellum
2615 3242 2958 3319 orthographi-

706 3346 826 3385 cum
857 3348 901 3386 S.
937 3350 984 3387 v.
1031 3335 1296 3405 laqoena.

875 3415 973 3473 96.
1045 3418 1261 3488 prodes
1274 3440 1290 3480 ,·
1344 3415 1468 3473 alibi
1514 3420 1716 3473 coicito
1761 3422 1815 3472 te
1858 3420 2011 3473 intro
2055 3433 2127 3472 ac
2171 3417 2315 3473 bono
2359 3418 2548 3472 animo
2593 3432 2673 3473 es.
2724 3445 2790 3455 —
2833 3409 2952 3486 quod

705 3498 850 3556 addit
895 3499 1190 3557 Macrobius
1235 3499 1536 3574 exemplum
1580 3501 1804 3574 Vergilii
1860 3507 1921 3556 ut
1976 3502 2051 3556 ait
2094 3502 2209 3558 hac
2250 3503 2393 3558 ades
2448 3518 2480 3556 o
2535 3501 2784 3568 Lenaee,
2835 3492 2950 3569 apud

705 3582 971 3640 Maronem
1028 3602 1135 3641 non
1192 3586 1427 3660 legitur,
1485 3588 1578 3659 qui
1634 3585 1794 3642 hahet
1849 3602 2040 3659 georg.
2089 3586 2150 3657 ll,
2200 3586 2234 3642 7
2290 3587 2406 3642 huc
2459 3591 2638 3657 pater
2686 3605 2717 3642 o
2758 3584 2950 3640 Lenaee

707 3672 851 3724 veni.
940 3668 1035 3724 sed
1084 3670 1136 3723 in
1182 3672 1413 3727 carmine
1457 3669 1804 3745 anthologiae
1834 3668 2052 3726 Latinae
2091 3663 2222 3727 'ante
2252 3671 2635 3726 Terentianum
2679 3667 2950 3740 conscripto

706 3747 884 3828 [573‚
931 3749 994 3830 1]
1043 3752 1207 3810 hahes

1513 3842 1620 3896 huc
1664 3839 1791 3896 ades
1836 3841 2031 3915 Lyaee.

873 3950 974 4008 97.
1040 3950 1290 4007 videntur
1336 3952 1465 4007 haec
1508 3950 1665 4007 verba
1710 3952 1894 4025 potius
1926 3952 2219 4008 hexametri
2250 3951 2498 4026 dactylici
2545 3969 2704 4026 quam
2733 3943 2943 4006 trochaici

705 4037 1001 4092 tetrametri
1045 4036 1266 4111 explere
1309 4036 1520 4092 initium
1566 4036 1830 4109 producta
1876 4045 1938 4092 ut
1982 4039 2038 4093 in
2081 4034 2343 4102 vocabulo
2389 4037 2593 4093 Gracco
2639 4044 2691 4093 et
2731 4028 2944 4104 multipli-

701 4122 834 4177 catis
880 4120 1126 4178 brevibus
1174 4118 1317 4176 finali
1361 4122 1548 4194 prima.

871 4206 972 4263 99.
1049 4215 1175 4262 nota
1219 4203 1449 4262 faciendi
1494 4201 1658 4261 verbo
1702 4207 1944 4263 iunctum
1988 4208 2344 4263 accusativum
2401 4224 2525 4263 cum
2580 4205 2838 4263 infinitivo.
2877 4224 2941 4237 —-

703 4291 774 4344 ita
831 4289 1034 4348 Ennius
1092 4308 1178 4364 ap.
1236 4290 1467 4347 Nonium
1528 4289 1648 4347 134
1707 4307 1836 4348 cum
1887 4295 2036 4349 soles
2081 4294 2309 4349 tandem
2359 4293 2597 4365 faciunt
2648 4292 2941 4364 lanqescere

704 4375 892 4448 lonqei
919 4390 1113 4449 nempe
1143 4391 1396 4449 corpora
1423 4379 1820 4451 puynantium.
