3267 5075
1142 367 1242 424 EX
1278 369 1513 425 LIBRIS
1551 371 1630 425 IN
1634 370 1911 427 CERTIS.
2536 374 2665 438 277

379 537 571 698 solittfis
617 538 857 696 {gnon-³1³]
902 536 1173 610 simplices
1227 544 1282 592 et
1337 538 1574 593 rusticos
1621 537 1833 595 habitos
1891 556 2012 595 esse
2057 538 2292 596 declarat
2335 540 2507 596 Plauti
2556 558 2671 598 ver-

379 639 470 678 sus
548 621 658 678 mil.
705 620 785 678 65
876 640 889 676 z

632 759 757 824 post
802 749 997 823 Ephesi
1039 767 1158 805 sum
1204 759 1391 822 natuS,
1439 769 1548 808 non
1594 754 1647 807 in
1695 752 1913 829 Apulis,
1960 770 2067 808 non
2115 752 2410 810 Animulae.

547 888 645 946 33.
724 888 1175 946 rhetoricoteros
1217 899 1278 945 ut
1322 892 1504 964 priore
1549 890 1709 964 srgm.
1755 884 1936 961 λέξεις
1988 891 2051 946 ad
2095 892 2308 948 irrisum
2353 892 2563 950 Albucii
2608 903 2668 951 ut

376 972 641 1031 Graeculi.
694 1004 766 1013 -—
816 970 1293 1038 ’rhetoricoterom
1336 976 1699 1046 comparativo
1745 975 1991 1043 adiectivi
2035 976 2220 1031 Graeci
2267 976 2467 1033 Graeco
2513 978 2665 1034 solus

375 1062 516 1114 inter
546 1066 739 1131 poetas
768 1057 989 1113 Latinos
1034 1074 1167 1114 usus
1212 1067 1297 1114 est
1325 1057 1585 1122 Lucilins;
1633 1075 1664 1114 s
1709 1062 1904 1116 omissa
1950 1070 2011 1116 ut
2055 1060 2090 1116 l.
2123 1061 2253 1117 XXX
2299 1063 2352 1117 in
2384 1066 2662 1133 scorpios.

542 1142 640 1203 34.
718 1143 823 1198 hoc
867 1141 1233 1215 fragmentum
1287 1153 1414 1217 post
1457 1143 1689 1199 Densam
1743 1143 1807 1199 ad
1852 1144 2136 1200 concilium
2191 1145 2418 1203 deorum
2475 1147 2663 1204 referri

371 1228 534 1297 solet,
583 1244 766 1301 parum
812 1237 978 1290 recte,
1024 1245 1144 1283 cum
1189 1228 1418 1284 alienum
1463 1229 1535 1284 sit
1580 1246 1608 1284 a
1655 1226 1759 1284 fide
1789 1245 1933 1299 eum,
1977 1230 2133 1285 cuius
2177 1231 2463 1287 coer-cendi
2505 1248 2663 1287 causa

372 1302 464 1368 itla'
506 1312 676 1368 θεῶν
713 1302 897 1387 ἀγορὰ
941 1312 1046 1367 suit
1076 1312 1345 1384 instituta,
1390 1313 1628 1369 secundo
1654 1312 1783 1389 loco
1814 1315 1955 1369 inter
1997 1315 2192 1387 impios
2234 1315 2463 1371 relatum
2509 1332 2661 1386 esse;

370 1414 470 1453 nec
516 1406 822 1470 temporum
867 1399 1005 1453 ratio
1060 1398 1349 1470 congruit,
1408 1414 1531 1453 cnm
1575 1396 1846 1453 defunctis
1891 1415 2002 1454 non
2047 1398 2209 1454 niodo
2254 1397 2408 1473 Lupo
2454 1418 2513 1456 ac
2557 1401 2663 1456 Tu-

371 1481 500 1539 bulo
545 1481 643 1537 sed
687 1480 846 1536 ctiam
892 1480 1164 1551 Carbone,
1210 1483 1305 1555 qui
1350 1481 1521 1538 multo
1568 1482 1669 1537 ruit
1712 1490 1888 1538 aetate
1934 1484 2237 1556 posterior,
2291 1483 2422 1540 haec
2463 1486 2660 1558 scripta

369 1583 492 1622 esse
537 1573 819 1640 appareat,
875 1565 1039 1622 modo
1084 1583 1303 1622 sensnm
1351 1566 1535 1622 Lucilii
1589 1597 1660 1607 —
1710 1566 1776 1622 de
1833 1583 1936 1640 qua
1981 1585 2042 1622 re
2085 1584 2194 1623 non
2242 1577 2324 1623 est
2367 1586 2465 1623 cur
2508 1568 2661 1625 dubi·

370 1659 518 1707 tetur
581 1681 653 1690 -
715 1667 743 1704 a
796 1650 1053 1706 Cicerone
1108 1650 1345 1724 pedestri
1400 1653 1645 1707 oratione
1705 1660 1891 1708 curate
1947 1651 2216 1708 redditum
2274 1654 2660 1709 existimemus,

368 1751 547 1809 neque
592 1735 775 1792 decuit
818 1736 871 1790 in
926 1735 1187 1806 concilio,
1245 1736 1331 1791 cui
1377 1737 1495 1810 ipse
1539 1736 1822 1811 Neptunus
1868 1736 2109 1802 adesset,
2168 1735 2336 1792 filium
2394 1738 2511 1792 eius
2556 1737 2660 1794 dici

367 1837 490 1877 cum
544 1819 889 1876 contumelia.
947 1850 1023 1860 --
1090 1821 1342 1877 Tubulus
1395 1822 1641 1884 Lucius,·
1696 1837 1763 1876 ex
1819 1829 1982 1895 gente
2031 1822 2280 1877 Hostilia
2294 1846 2312 1883 ,-
2368 1822 2511 1877 hunc
2564 1839 2661 1877 sua

367 1906 648 1961 etiamtum
692 1911 867 1960 aetate
910 1906 1140 1960 invisum
1184 1905 1314 1961 dicit
1356 1906 1545 1962 Cicero
1590 1905 1659 1961 de
1700 1903 1793 1961 fin.
1829 1905 1892 1975 V,
1923 1904 2021 1967 22,
2055 1905 2168 1973 62;
2215 1922 2447 1979 eumque
2495 1923 2660 1963 unum

366 2006 431 2045 ex
479 1990 625 2045 omni
670 1991 926 2049 memoria
974 1988 1444 2046 sceleratissimum
1502 1997 1558 2045 et
1600 1990 2014 2046 audacissimum
2069 1990 2241 2045 fnisse
2296 1998 2474 2046 narrat
2518 1990 2658 2046 idem
2752 2020 2761 2028 ·

364 2091 467 2149 pro
522 2073 728 2130 Scauro
791 2074 847 2146 1,
891 2073 960 2142 5;
1018 2072 1104 2129 ubi
1162 2074 1295 2130 haec
1348 2073 1666 2131 scholiasta:
1722 2076 1788 2130 L.
1851 2075 2106 2131 Tubulus
2149 2078 2492 2146 praetorius
2541 2076 2660 2145 suit

364 2166 560 2216 aetate
599 2165 834 2232 patrum
881 2157 1191 2215 Ciceronis.
1281 2162 1331 2215 is
1374 2166 1626 2232 propter
1676 2162 1855 2216 mulla
1907 2161 2129 2232 flagitia
2187 2177 2315 2216 cum
2370 2161 2440 2215 de
2485 2163 2659 2217 exilio

365 2247 692 2315 accersitus
730 2252 903 2316 esset,
949 2259 1022 2300 ne
1051 2247 1108 2300 in
1139 2260 1387 2302 carcerc
1431 2253 1769 2315 necaretur,
1814 2260 2090 2300 vencnum
2120 2246 2272 2301 bibit.
2348 2244 2452 2299 suit
2480 2253 2657 2300 autem

363 2337 588 2404 praetor
644 2346 691 2385 a.
742 2326 864 2383 612
920 2345 1029 2402 quo
1085 2335 1333 2403 tempore
1385 2346 1508 2385 cum
1565 2329 1724 2384 iudex
1781 2330 2154 2402 quaestionem
2209 2331 2352 2385 inter
2405 2328 2658 2385 siccarios

366 2414 697 2471 exercuisset
742 2413 890 2486 quod
936 2413 1249 2469 manifestus
1295 2422 1410 2469 erat
1442 2415 1697 2487 pecuniae
1743 2431 1770 2467 a
1802 2414 1909 2468 reis
1954 2420 2205 2486 acceptae
2235 2430 2376 2469 anno
2406 2414 2654 2487 proximo

364 2499 420 2556 P.
467 2497 723 2556 Scaevola
766 2496 1016 2555 tribunus
1061 2497 1134 2572 pl.
1182 2497 1310 2554 tulit
1352 2499 1551 2574 legem,
1599 2506 1659 2555 ut
1704 2498 1769 2555 de
1814 2515 1875 2554 ea
1904 2514 1963 2554 re
1995 2499 2392 2571 acquireretur.
2466 2506 2521 2555 et
2549 2506 2656 2555 sta-

366 2586 458 2640 tim
505 2583 705 2641 indicta
748 2600 907 2640 causa
949 2584 1078 2639 abiit
1120 2584 1174 2639 in
1219 2585 1435 2640 exilium
1481 2582 1726 2639 Tubulus
1780 2584 1905 2657 quia
1948 2584 2104 2639 nimis
2160 2590 2276 2638 erat
2319 2599 2407 2639 res
2453 2590 2656 2658 aperta.

364 2677 467 2725 cet.
512 2668 658 2725 conf.
708 2667 907 2724 Heusd.
941 2660 1034 2742 p'g.
1067 2667 1212 2740 208,
1245 2668 1303 2725 9.
1347 2699 1430 2708 -
1473 2669 1704 2740 Lupus3
1747 2668 1812 2723 de
1843 2685 1915 2723 eo
1940 2668 2152 2724 dicetur
2194 2666 2259 2723 ad
2292 2667 2421 2724 Hor.
2455 2677 2555 2724 sat.
2591 2668 2655 2741 ll,

370 2755 421 2825 1,
450 2754 550 2811 68.
596 2783 682 2795 -
729 2752 945 2817 Carbo‚·
990 2762 1100 2808 tres
1147 2753 1316 2809 fnisse
1361 2754 1553 2809 fratres
1599 2755 1801 2827 pariter
1844 2751 2294 2826 improbissimoS,
2340 2752 2397 2808 C.
2443 2752 2537 2812 Cn.
2585 2753 2653 2810 M.

365 2837 657 2910 Carbones,
703 2839 804 2894 etsi
851 2837 980 2894 dicit
1009 2838 1194 2894 Cicero
1226 2838 1291 2893 ad
1337 2838 1459 2894 sam.
1494 2837 1649 2909 Vllll,
1681 2837 1784 2909 21,
1816 2836 1872 2905 3,
1921 2844 2096 2893 tamen
2143 2838 2224 2893 vix
2269 2844 2455 2911 potest
2499 2836 2652 2893 dubi-

367 2925 489 2994 tari,
538 2924 667 2997 quin
710 2931 899 2998 tangat
943 2921 1179 2979 Lucilius
1225 2921 1280 2979 C.
1329 2922 1595 2996 Papirium
1627 2921 1944 2993 Carbonem,
1988 2922 2212 2978 amicum
2259 2921 2378 2981 Tib.
2411 2921 2651 2993 Gracchi,

365 3010 489 3065 trib.
535 3007 682 3082 pleb.
726 3024 773 3064 a.
824 3007 978 3076 6233
1039 3008 1193 3063 cuius
1238 3007 1392 3063 suere
1451 3004 1694 3080 insignes
1738 3023 1860 3063 cnm
1906 3001 1969 3063 P.
2018 3006 2270 3064 Africano
2315 3008 2649 3073 inimicitiae;

365 3111 481 3149 nam
540 3101 596 3149 et
651 3101 843 3149 auctor
879 3094 1093 3148 mortis
1147 3093 1306 3148 huius
1360 3092 1531 3148 fuisse
1586 3090 1878 3148 dicebatur.
1966 3093 2012 3146 is
2056 3108 2179 3147 cum
2233 3094 2385 3166 prius
2439 3109 2651 3148 summo

367 3195 531 3253 opere
576 3177 794 3234 favisset
837 3177 1083 3251 populari
1128 3179 1269 3251 parti
1315 3186 1468 3250 gesta
1514 3186 1767 3250 praetura
1811 3193 1858 3231 a.
1893 3176 2013 3234 629
2060 3178 2379 3233 acerrimum
2426 3178 2651 3250 optima·

363 3265 495 3319 tium
542 3263 770 3319 amicum
814 3278 874 3317 se
918 3263 1219 3335 praestitit,
1269 3261 1404 3317 adeo
1452 3270 1511 3318 ut
1554 3260 1749 3320 consul
1793 3260 1916 3319 634
1959 3260 2018 3318 L.
2064 3260 2339 3335 Opimium
2375 3269 2651 3317 auctorem

364 3350 507 3404 necis
554 3348 609 3402 C.
658 3347 879 3402 Gracchi
920 3347 978 3402 in
1035 3345 1231 3402 iudicio
1288 3345 1620 3402 defenderet.
1708 3345 1804 3402 sed
1850 3362 2025 3420 neque
2081 3353 2292 3401 veteres
2345 3344 2652 3402 conciliavit

367 3433 583 3488 omnino
639 3433 884 3487 inimicos
939 3439 994 3486 et
1049 3447 1221 3486 novos
1275 3432 1500 3505 paravit.
1587 3432 1770 3505 itaque
1824 3448 1871 3486 a.
1920 3430 2040 3488 635
2098 3430 2154 3485 in
2208 3430 2295 3485 ius
2353 3438 2576 3485 vocatus
2622 3447 2651 3485 a

365 3518 419 3572 L.
478 3517 674 3572 Crasso
730 3512 1016 3572 admodum
1073 3515 1415 3572 adulescente
1475 3513 1602 3590 (uon
1648 3517 1779 3571 satis
1834 3522 2049 3571 constat
2094 3529 2201 3586 qua
2244 3513 2311 3569 de
2355 3508 2531 3584 causa)
2590 3522 2650 3570 ut

365 3601 755 3657 damnationem
804 3600 1019 3675 ingeret
1062 3600 1397 3656 cantharidas
1443 3603 1741 3673 sumpsisse
1785 3607 2130 3658 memoratur.
2205 3597 2309 3654 vid.
2343 3598 2410 3654 de
2455 3598 2647 3655 eodem

363 3685 559 3741 Heusd.
605 3702 731 3759 pag.
781 3684 901 3743 209
933 3702 1055 3758 sqq.
1114 3715 1196 3726 —--
1256 3684 1511 3757 Neptuni
1548 3687 1736 3757 filius;
1793 3685 1892 3740 hos
1948 3684 2116 3739 fuisse
2172 3684 2541 3740 ferocissimos
2596 3692 2650 3740 et

364 3771 564 3827 alienos
608 3769 675 3826 ab
720 3772 863 3826 omni
911 3770 1240 3825 humanitate
1284 3769 1451 3826 refert
1495 3768 1630 3826 Geli.
1663 3768 1773 3840 XV,
1805 3767 1905 3823 21.
1952 3799 2034 3807 —
2080 3777 2320 3824 ceterum
2367 3778 2428 3824 ut
2473 3768 2650 3826 obiter

363 3856 474 3912 hoc-
507 3871 772 3924 moneam,
813 3853 1094 3911 tutbarum
1129 3872 1262 3928 quas
1292 3853 1509 3910 Gracchi
1544 3856 1845 3910 excitarunt
1888 3854 2028 3927 apud
2060 3853 2321 3909 Lucilium
2365 3855 2648 3910 insectatio

362 3940 526 4011 nulla,
572 3942 685 3995 sive
729 3956 857 3995 casu
904 3939 955 3995 id
1003 3938 1202 3997 sactum
1248 3956 1346 3996 seu
1393 3939 1514 4013 qnia
1546 3941 1662 4013 ipse
1694 3939 1869 3994 minus
1914 3938 2123 3994 favebat
2157 3940 2496 4012 optimatium
2527 3955 2647 4011 par·

364 4024 536 4097 tibus,
590 4041 824 4099 quorum
878 4023 1179 4098 superbiam
1238 4032 1292 4079 et
1347 4026 1615 4080 saevitiam
1672 4023 1811 4079 haud
1868 4041 2017 4092 rarox
2049 4025 2252 4097 asperis
2306 4021 2478 4078 verbis
2526 4040 2647 4096 per-

362 4111 588 4168 strinxit.
678 4118 734 4165 et
778 4109 986 4165 medius
1030 4111 1172 4165 inter
1215 4109 1482 4165 Gracchos
1527 4117 1582 4164 et
1626 4110 1914 4182 optimates
1959 4108 2061 4164 suit
2103 4107 2162 4163 P.
2211 4107 2409 4180 Scipio.
2453 4138 2539 4147 -—
2583 4124 2647 4163 ex

362 4193 481 4249 loco
511 4194 783 4251 Ciceronis
813 4225 896 4235 -—
928 4195 1019 4267 qui
1051 4211 1186 4267 quae
1218 4194 1452 4267 pedestri
1486 4194 1731 4249 oratione
1759 4194 2182 4266 circumscripsit
2212 4191 2462 4265 suspicor
2490 4192 2647 4248 nimis

362 4269 651 4354 ἆρχαικῶς
684 4279 853 4335 fuisse
882 4281 1177 4353 perscripta
1210 4278 1350 4352 apud
1381 4277 1664 4350 Lucilium,
1705 4279 1839 4334 hanc
1867 4279 2209 4352 potissimum
2240 4276 2308 4332 ob
2340 4293 2553 4333 cansam
2587 4285 2648 4334 ut

363 4365 648 4423 inverteret
691 4394 757 4404 —
790 4381 917 4420 suas
950 4365 1179 4439 sumpsit
1210 4364 1436 4439 ineptias
1469 4363 1638 4421 l’alsus
1663 4364 1943 4439 ApuleiuS,
1975 4365 2065 4437 qui
2096 4380 2190 4439 pg.
2219 4362 2255 4420 3
2288 4361 2481 4422 Osann.
2513 4363 2646 4423 haec
