3267 5075
967 404 971 409 .
1000 353 1453 411 TESTIMONIA
1487 354 1584 409 DE
1623 353 1927 411 LUCILIO.
2206 361 2217 371 ’
2481 355 2604 419 187

328 515 393 581 111
455 516 882 600 suspicionem
944 518 1316 601 pubentibus
1369 518 1623 587 ‚civibus
1688 517 2045 602 venissent,
2117 518 2374 584 illorum
2437 519 2610 583 facta

329 632 729 717 descripsisse
784 633 853 697 in
907 634 1087 717 peius
1142 655 1216 698 ac
1257 633 1660 698 deformasse
1714 633 1779 699 id
1842 631 1993 718 (om.
2049 632 2134 719 v.)
2200 655 2402 719 genus
2459 634 2606 699 stilo

309 734 642 815 ‘carminis
742 750 915 835 quod
965 751 1209 834 primus
1262 749 1544 814 Lucilius
1597 771 1768 814 novo
1824 749 2204 834 conscripsit
2256 750 2476 832 modo,
2535 753 2609 813 ut

329 867 544 951 poesin
587 866 737 931 inde
783 867 1080 951 efficeret,
1124 866 1191 931 id
1237 870 1338 932 est
1380 868 1569 932 unius
1616 867 1917 932 carminis
1961 866 2271 950 plurimos
2316 865 2535 929 libros.

1210 1017 1488 1084 XXXVI
1532 1019 1717 1100 [180]

465 1134 488 1143 ·
591 1132 888 1198 sidonius
935 1133 1144 1218 Apoll.
1191 1157 1242 1199 ο.
1288 1110 1358 1218 9,’
1394 1135 1549 1217 266:

497 1268 632 1314 11011
662 1246 957 1314 Lucilius
1001 1250 1106 1314 hic
1150 1248 1700 1334 Lucretiusquest,

498 1388 632 1430 non
676 1364 958 1450 TurnUS,
1002 1364 1274 1450 Memor,
1318 1364 1571 1430 Ennius
1578 1416 1597 1450 ,
1645 1364 1933 1430 Catullus
1942 1416 1960 1449 ,

502 1480 702 1546 Stella
747 1484 813 1545 et
858 1479 1203 1566 Septimius
1247 1480 1730 1566 Petroniusque.

1304 1630 1617 1697 XXXVII
2274 1662 2290 1681 x

500 1747 656 1832 Lyd.
703 1748 781 1813 de
826 1748 1115 1833 magistr.
1159 1746 1210 1832 I,
1254 1749 1367 1812 41:
1405 1742 1738 1813 Ῥίνθωνα
1782 1744 1892 1811 καὶ
1932 1741 2259 1831 Ἀσκήραν
2304 1744 2413 1811 καὶ
2449 1744 2609 1812 Βλέ-

334 1877 451 1926 σον
511 1860 621 1927 καὶ
684 1859 844 1940 τοὺς
889 1858 1133 1940 ἄλλους
1194 1863 1330 1928 τῶν
1393 1865 1891 1946 Πυθαγορείων
1957 1868 2150 1945 ἴσμεν
2216 1856 2298 1927 οὐ
2351 1862 2608 1947 μικρῶν

334 1974 752 2062 διδαγμάτων
808 1976 913 2055 ἐπὶ
965 1979 1081 2063 τῆς
1131 1973 1418 2062 μεγάλης
1461 1972 1781 2054 Ἑλλάδος
1830 1975 2148 2060 γενέσθαι
2201 1973 2606 2062 καθηγητάς,

332 2081 434 2157 καὶ
480 2091 936 2179 διαφερόντως
977 2090 1098 2158 τὸν
1134 2088 1490 2176 Ῥίνθωνα,
1537 2087 1611 2170 ὃς
1657 2090 2033 2178 ἑξαμέτροις
2068 2094 2314 2177 ἔγραψε
2360 2093 2610 2177 πρῶτος

331 2210 699 2296 κωμῳδίαν.
798 2207 863 2288 ἐξ
887 2197 1004 2274 ὀὗ
1059 2209 1370 2294 [πρῶτος]
1423 2204 1651 2292 λαβών
1712 2204 1829 2284 τὰς
1890 2202 2200 2293 ἀφορμὰς
2253 2210 2612 2285 Λουκίλιος

331 2318 365 2388 ὁ
409 2319 726 2409 Ῥωμαῖος
777 2319 1092 2409 ἡρωικοῖς
1146 2326 1371 2390 ἔπεσιν
1426 2319 1838 2412 ἐκωμῴδησε.
1935 2318 2091 2407 μεθ’
2154 2316 2236 2388 ὃν
2289 2320 2400 2388 καὶ
2453 2319 2613 2400 τοὺς

327 2433 460 2523 μετ’
520 2433 760 2522 αὐτόν,
816 2432 935 2516 οὓς
985 2440 1262 2506 καλοῦσι
1291 2434 1652 2523 ,“Ρωμαῖοι,
1717 2434 2115 2524 σατυρικοὺς
2179 2439 2250 2503 οί
2298 2434 2610 2522 νεώτεροι
2664 2500 2669 2505 .

328 2550 445 2621 τὸν
490 2559 838 2641 Κρατίνου
881 2554 992 2621 καὶ
1028 2550 1408 2632 Εὐπόλιδος
1451 2555 1831 2641 χαρακτῆρα
1870 2551 2270 2639 ζηλώσαντες
2312 2563 2453 2631 τοῖς
2485 2551 2609 2639 μὲν

321 2665 683 2748 Ῥίνθωνος
726 2670 1017 2757 μέτροις,
1069 2682 1209 2748 τοῖς
1255 2668 1330 2736 δὲ
1369 2671 1509 2738 τῶν
1554 2669 2170 2754 μνημονευθέντων
2217 2671 2612 2755 δίασυρμοῖς
2676 2665 2681 2672 ’

328 2783 727 2871 χρησάμενοι
763 2780 888 2870 τὴν
926 2781 1289 2873 σατυρικὴν
1328 2782 1700 2871 ἐκράτυναν
1735 2786 2118 2874 κωμῳδίαν·
2156 2780 2453 2871 Ὁράτιος
2485 2779 2619 2868 μὲν

330 2896 448 2966 οὐκ
501 2900 625 2981 ἔξω
680 2902 797 2985 τῆς
846 2899 1079 2986 τέχνης
1132 2902 1392 2986 χωρῶν·
1475 2901 1768 2987 Πέρσιος
1821 2898 1896 2965 δὲ
1947 2895 2069 2966 τὸν
2120 2895 2405 2985 ποιητὴν
2460 2896 2611 2965 Σω’-

330 3040 546 3102 φρονα
598 3012 1023 3101 μιμήσασθαι
1077 3015 1303 3082 θέλων
1356 3011 1430 3081 τὸ
1480 3013 1955 3102 Λυκόφρονος,
2010 3016 2358 3102 παρῆλθεν
2404 3008 2612 3100 ἀμαυ-

330 3128 467 3216 ρόν.
577 3132 877 3216 Τοῦρνος
934 3128 1007 3197 δὲ
1060 3129 1172 3196 καὶ
1212 3125 1661 3214 Ἰουβενάλιος
1711 3129 1822 3197 καὶ
1876 3128 2257 3218 Πετρώνιος
2321 3125 2614 3196 αὐτόθεν

330 3254 465 3324 ταῖς
491 3247 861 3332 λοιδορίαις
890 3242 1354 3327 ἐπεξελθόντες
1379 3241 1500 3312 τὸν
1529 3242 1891 3332 σατυρικὸν
1918 3244 2134 3331 νόμον
2161 3245 2614 3331 παρέτρωσαν.

1296 3396 1641 3464 XXXVIII

499 3514 809 3598 Porphyr.
857 3513 938 3578 ad
984 3512 1141 3578 Hor.
1187 3535 1283 3597 ep.
1319 3512 1368 3596 I,
1406 3513 1466 3597 3,
1506 3514 1541 3577 1
1601 3511 1748 3576 ‘Iuli
1793 3512 2031 3577 Flore’:
2076 3512 2182 3577 hic
2226 3509 2455 3576 Florus
2490 3511 2616 3575 fuit
2718 3503 2727 3516 ⁸

332 3632 687 3694 saturarum
733 3629 1032 3712 scriptor,
1070 3629 1248 3694 cuius
1287 3631 1439 3694 sunt
1473 3628 1712 3694 electae
1759 3650 1837 3692 ex
1868 3627 2106 3712 Ennio,
2149 3624 2414 3712 Lucilio,
2450 3626 2611 3692 Var-

327 3765 478 3809 rone
524 3747 797 3809 saturae.

1328 3866 1605 3932 XXXIX

500 3982 712 4049 Varro
760 3982 819 4047 d.
863 4005 913 4047 r.
958 4005 1007 4048 r.
1052 3981 1167 4068 HI,
1213 3984 1273 4067 2,
1315 3984 1423 4049 17:
1468 4005 1685 4049 norme
1730 3982 1886 4046 item
1931 3981 2002 4047 L.
2044 3982 2373 4067 Albucius,
2415 3984 2612 4048 homo

331 4103 401 4164 ut
427 4193 440 4208 ι
469 4100 647 4165 scitis
712 4098 1000 4183 apprime
1064 4098 1315 4183 doctUS,
1387 4097 1565 4163 cuius
1629 4097 1962 4162 Luciliano
2034 4099 2397 4163 charactere
2461 4102 2614 4163 sunt

330 4215 549 4300 libelli,
601 4214 858 4282 dicebat
908 4214 978 4279 in
1023 4213 1288 4288 Albano
1335 4213 1609 4280 fundum
1664 4236 1850 4279 suum
1905 4213 2307 4300 pastionibus
2350 4232 2613 4299 ‘semper

330 4329 496 4399 vinci
542 4352 582 4397 a
626 4329 823 4396 villa?
