3267 5075
1025 386 1477 442 TESTIMONIA
1514 387 1610 440 DE
1650 385 1959 442 LUCILIO.
2503 388 2636 451 295

337 555 522 628 fuerit
553 556 835 625 Lucilius,
867 558 1119 627 inquam,
1165 557 1341 611 comis
1369 561 1424 610 et
1454 554 1734 624 zer-baum,
1775 555 1961 627 fuerit
1989 558 2240 612 limatior
2269 558 2429 626 idem,
2463 572 2633 628 quam

343 642 507 697 rudis
552 648 607 696 el
655 640 898 695 Graecis
941 642 1149 695 intacti
1190 642 1465 696 carminis
1509 644 1739 710 auctor,
1784 657 2071 713 quamque
2107 647 2415 712 poctarum
2445 646 2630 698 senio-

343 743 470 782 rum
533 727 742 787 turba:
795 724 883 779 alii
944 725 1287 797 asperitatem
1342 725 1520 780 verius
1578 722 1823 779 tribuunt
1873 722 2098 781 Lucilio.
2196 732 2436 780 ceterum
2492 726 2632 782 sicut

342 809 441 864 alia
483 809 732 883 supellex
779 808 881 863 tuit
935 807 1076 883 apud
1122 808 1432 881 ScipioneS,
1488 809 1586 865 alia
1629 808 1772 881 apud
1817 807 2036 864 Crassos
2092 817 2147 864 et
2187 808 2480 882 LuculloS,
2536 811 2630 882 ita,

297 960 301 964 Α
343 911 480 967 quae
525 893 716 949 Lucilii
762 901 1004 967 tempore
1049 905 1164 948 erat
1207 893 1352 949 laudi
1405 895 1630 950 comitas
1675 900 1837 966 atque
1881 893 2174 966 urbanitas,
2220 911 2329 950 non
2374 895 2476 949 iam
2517 895 2632 950 suli-

344 976 554 1055 iiciebat
613 978 817 1033 Horatii
877 976 1209 1051 aequalibus,
1298 982 1472 1035 comis
1526 985 1580 1035 et
1629 979 1902 1035 urbanus
1957 985 2019 1034 ut
2061 979 2113 1049 l,
2158 977 2221 1050 4,
2267 979 2365 1036 90.
2456 983 2631 1035 comis

340 1064 480 1119 idem
526 1063 642 1119 fere
686 1061 832 1135 quod
877 1063 1155 1131 urbanus,
1203 1070 1263 1118 ut
1305 1062 1444 1118 inira
1488 1062 1554 1118 de
1583 1061 1860 1119 Fundanio
1889 1065 2095 1120 comico
2134 1070 2302 1135 potes
2333 1093 2409 1102 —
2442 1079 2631 1120 comcs

338 1151 574 1222 qarrire
602 1149 840 1204 libellos.
893 1177 961 1186 —
1013 1150 1264 1204 limatior
1293 1166 1465 1221 quam
1495 1178 1562 1186 —
1595 1156 1804 1204 auctor
1816 1172 1833 1210 ;
1876 1149 2011 1204 haec
2039 1164 2148 1203 non
2193 1149 2257 1203 ad
2292 1147 2418 1204 Luc.
2450 1148 2628 1223 ipsum

340 1233 435 1289 sed
481 1233 549 1289 ad
593 1231 822 1288 Ennium
867 1240 1112 1305 spectare
1157 1233 1341 1288 monui
1383 1231 1553 1305 praef.
1589 1231 1718 1287 Hor.
1753 1249 1877 1306 pag.
1912 1231 2014 1304 40,
2047 1231 2150 1304 41,
2198 1232 2287 1289 ubi
2333 1249 2472 1306 quae
2500 1251 2630 1308 pro-

343 1320 501 1391 posui
547 1334 577 1372 e
622 1334 682 1372 re
727 1316 865 1372 duco
913 1318 1017 1372 hoc
1059 1316 1181 1373 loco
1226 1318 1429 1390 repeti3
1476 1326 1605 1372 sunt
1649 1323 1828 1372 autem
1874 1317 2019 1373 haec.
2107 1316 2344 1373 Lucilius
2389 1319 2435 1373 si
2480 1325 2632 1373 tanta

341 1404 440 1458 suit
487 1402 752 1476 elegantia
797 1402 1000 1474 ingenii
1044 1401 1353 1474 praedituS,
1410 1409 1471 1456 ut
1530 1401 1752 1457 indocto
1811 1409 1866 1457 et
1918 1401 2040 1458 ideo
2099 1411 2283 1475 spreto
2340 1420 2370 1458 a
2416 1402 2628 1458 Graecis

340 1487 561 1543 carmini
606 1503 726 1542 cum
773 1487 1002 1559 primum
1046 1487 1276 1541 animum
1323 1486 1646 1560 applicasset
1689 1487 1996 1543 comitatem
2051 1486 2273 1543 adderet
2318 1496 2372 1542 et
2418 1486 2628 1543 urbani-

344 1581 507 1628 tatem
555 1572 817 1627 mirumne
862 1572 964 1626 erit
1007 1587 1131 1625 etun
1175 1578 1363 1644 poetas
1408 1570 1793 1644 praecedentes
1851 1580 2092 1644 tempore
2146 1570 2289 1643 (nam
2332 1570 2400 1627 de
2443 1580 2628 1645 postc-

341 1655 577 1712 rioribus
625 1672 781 1711 nemo
829 1654 982 1711 facile
1026 1654 1297 1730 cogitarit)
1344 1665 1399 1711 et
1444 1654 1513 1711 ob
1557 1656 1609 1711 id
1654 1657 1830 1729 ipsum
1876 1657 2192 1729 pinguiores
2238 1656 2429 1712 vicisse
2475 1658 2627 1711 arte?

343 1750 401 1798 ut
447 1742 692 1797 omittam
737 1756 893 1814 quam
940 1757 1049 1796 non
1092 1742 1164 1794 sit
1208 1740 1527 1796 concinnum
1572 1739 1705 1795 illud
1755 1738 1831 1813 ‘q.
1880 1758 1933 1813 p.
1976 1758 2022 1795 S.
2071 1739 2158 1810 t.’,
2214 1741 2259 1795 si
2302 1748 2492 1796 auctor
2534 1741 2624 1795 ille

340 1837 555 1882 saturae
600 1842 702 1880 nec
742 1827 859 1899 ipse
903 1824 1067 1880 suerit
1110 1825 1355 1880 diversus
1398 1823 1697 1880 aLucilio.
1756 1855 1838 1865 —
1894 1840 2071 1898 neque
2112 1826 2473 1900 repugnantia
2520 1833 2624 1880 tra-

340 1912 470 1967 didit
515 1910 736 1966 Flaccus
782 1926 944 1983 supra
962 1908 1079 1986 ,ubi
1122 1909 1388 1965 Lucilium
1441 1910 1778 1965 inventorem
1833 1918 2047 1965 saturae
2092 1909 2238 1965 dicit.
2327 1926 2447 1964 nam
2497 1927 2625 1983 qua-

339 2006 497 2052 tenus
541 1994 677 2051 rude
724 2002 778 2050 et
820 2011 851 2048 a
895 1993 1219 2050 Graecorum
1264 1993 1529 2067 elegantia
1584 1994 1819 2050 alienum
1864 2011 2076 2050 carmen
2122 1994 2224 2051 suit
2267 2003 2481 2066 satura,
2537 1996 2623 2050 cui

337 2080 450 2136 fere
496 2079 759 2153 quidquid
802 2080 1010 2152 negotii
1054 2079 1322 2134 evenisset
1365 2079 1581 2135 humani
1626 2096 1692 2133 an
1737 2078 1908 2135 dicam
1955 2079 2335 2152 quodcumque
2390 2080 2445 2134 in
2490 2078 2620 2135 buc·-

336 2183 447 2221 cam
498 2166 735 2220 venisset
780 2165 977 2237 exiguo
1021 2165 1356 2219 insereretur
1397 2163 1620 2236 dilectu,
1666 2170 1942 2219 auctorem
1974 2165 2085 2220 sive
2114 2165 2473 2235 inventorem,
2519 2165 2625 2220 hoc

336 2258 418 2306 est
463 2251 557 2324 qui
603 2250 806 2323 prImus
849 2248 1045 2304 litteris
1090 2248 1269 2303 latinis
1314 2247 1626 2320 addidisset,
1673 2250 1866 2304 merito
1913 2248 2046 2305 dixit
2073 2247 2320 2305 Ennium.
2380 2257 2436 2304 et
2479 2249 2624 2305 hunc

336 2335 550 2408 quidem
598 2335 692 2407 qui
749 2333 925 2389 obiter
977 2349 1080 2389 nec
1122 2333 1225 2388 nisi
1277 2333 1609 2406 privatorum
1655 2333 1931 2389 hominum
1987 2335 2112 2389 vitia
2170 2341 2420 2408 tangeret
2464 2334 2621 2388 casti-

337 2427 600 2492 garetque
642 2420 699 2474 in
745 2434 909 2491 opere
951 2419 1124 2473 secuti
1169 2426 1298 2474 sunt
1340 2416 1600 2473 Pacuvius
1647 2425 1702 2473 et
1744 2418 1848 2473 nisi
1893 2420 2069 2473 omnia
2099 2435 2185 2473 me
2228 2418 2422 2473 fallunt
2452 2418 2618 2473 Varro

336 2506 421 2560 cui
463 2503 693 2560 Reatino
738 2518 1059 2577 cognomen.
1148 2519 1339 2559 novam
1389 2510 1567 2558 autem
1605 2510 1669 2571 ,et
1711 2501 1971 2559 diversam
2017 2503 2174 2577 plane
2229 2501 2293 2558 ab
2337 2501 2492 2584 Ennii
2537 2520 2619 2559 sa-

335 2597 509 2645 turam
554 2588 785 2663 protulit
813 2586 1047 2644 Lucilius
1092 2604 1228 2661 quae
1257 2589 1597 2661 potissimum
1628 2588 1973 2645 emendandis
2016 2588 2243 2644 consilio
2289 2597 2343 2644 et
2373 2588 2618 2662 exemplo

333 2676 524 2730 civium
567 2672 808 2729 moribus
851 2681 996 2728 esset
1039 2672 1309 2745 dedicata,
1363 2673 1736 2746 primoresque
1779 2673 1968 2746 populi
2019 2674 2305 2746 ipsumque
2358 2672 2619 2745 arriperet

333 2758 624 2833 populum3
672 2775 831 2831 quam
873 2757 965 2813 diu
1008 2759 1268 2813 iacentem
1314 2766 1441 2832 post
1481 2757 1633 2813 illum
1679 2759 2019 2813 resuscitavit
2058 2756 2293 2813 Caesaris
2338 2756 2617 2813 dictatoris

335 2843 665 2919 temporibus
700 2844 883 2913 Varro,
929 2844 1022 2915 qui
1062 2841 1236 2898 dictus
1283 2842 1347 2897 ab
1391 2843 1574 2914 Atace,
1621 2859 1744 2898 mox
1791 2842 2012 2898 meliore
2055 2860 2312 2898 successu
2342 2841 2616 2913 Horatius,

331 2929 579 3000 PersiuS,
625 2927 893 2999 Lucilius,
937 2927 1231 2998 luvenaliS,
1291 2943 1477 2982 omnes
1521 2927 1705 2982 eadem
1757 2927 1915 3001 plane
1972 2945 2077 3002 qua
2120 2927 2356 2983 Lucilius
2410 2928 2490 2982 via
2535 2929 2616 2983 in·

332 3014 541 3087 gressi,
600 3021 826 3086 excepto
883 3011 1027 3085 quod
1084 3019 1286 3067 mutata
1333 3020 1637 3083 temporum
1695 3012 2012 3069 condicione
2066 3013 2384 3067 recentioris
2434 3014 2619 3086 potius

330 3101 632 3155 Atticorum
678 3096 986 3153 comoediae
1031 3113 1187 3171 quam
1232 3100 1438 3170 priscae
1484 3113 1631 3152 more
1677 3097 1736 3152 inv
1769 3095 2087 3153 denotandis
2136 3097 2441 3152 hominibus
2487 3106 2616 3152 sunt
2679 3117 2684 3121 ·

329 3185 543 3239 versati.
633 3190 759 3255 apte
803 3181 1006 3236 faciunt
1048 3181 1111 3236 ad
1158 3182 1296 3237 hanc
1339 3180 1750 3255 explicationem
1796 3198 1931 3254 quae
1971 3181 2264 3237 Suetonius
2309 3180 2449 3255 apud
2493 3181 2615 3235 Dio-

299 3259 534 3324 ¹medem
582 3268 649 3322 de
692 3257 875 3321 satura
921 3266 1139 3322 tradidit
1181 3265 1295 3340 (pg.
1343 3265 1424 3322 20
1465 3265 1654 3335 Reiff.).
1743 3274 1982 3322 ceterum
2026 3274 2248 3341 apparet
2291 3282 2353 3321 ea
2395 3266 2511 3339 ipsa
2556 3282 2613 3320 re

327 3355 470 3428 quod
519 3359 728 3407 mutato
774 3366 973 3425 genere
1018 3359 1073 3405 et
1116 3351 1404 3407 contractis
1464 3349 1660 3406 finibus
1707 3352 1886 3424 operis
1932 3350 2290 3406 exundantem
2338 3351 2610 3405 materiam

324 3440 464 3494 intra
509 3444 680 3508 certa,
726 3452 834 3508 quo
866 3436 1147 3509 proposito
1178 3451 1279 3490 suo
1310 3437 1646 3505 conveniret,
1690 3437 1931 3491 coercuit
1961 3436 2129 3509 spatia
2159 3434 2414 3504 LuciliuS,
2451 3450 2613 3507 opor-

325 3526 495 3579 tuisse
541 3520 779 3591 evenire,
826 3527 887 3574 ut
929 3520 1133 3575 cultum
1179 3519 1443 3594 quendam
1487 3519 1777 3593 limamque
1821 3520 2152 3575 ac‘nitorem
2184 3520 2450 3593 reciperet
2496 3520 2609 3574 eius
2677 3525 2689 3533 '

322 3617 536 3679 satura,
595 3605 941 3677 tliil'erretque
999 3604 1080 3659 ab'
1114 3605 1206 3662 illa
1260 3604 1382 3660 rudi
1433 3605 1810 3679 indigestaque
1865 3604 2005 3660 mole
2063 3604 2234 3678 qualis
2290 3611 2512 3678 apparet
2557 3605 2610 3659 in

323 3692 475 3749 Ennii
533 3709 597 3747 ac
638 3690 893 3744 Varronis
934 3688 1103 3745 libris.
1170 3721 1242 3730 —-
1299 3689 1374 3750 ib.
1433 3691 1676 3746 Graecis
1727 3693 1960 3753 intacti,·
2018 3698 2223 3763 satyras
2266 3687 2457 3744 Lucilii
2501 3706 2609 3744 non

322 3783 533 3834 saturas
565 3776 765 3831 dixisse
795 3773 1025 3829 Nonium
1055 3792 1224 3848 paene
1255 3781 1530 3846 constanS,
1564 3776 1722 3830 etiam
1757 3773 2133 3849 Lugdunensis
2164 3775 2382 3849 prioriS,
2417 3775 2611 3829 evincit

318 3862 749 3919 membranarum
791 3861 1100 3916 auctoritas.
1177 3869 1230 3916 et
1262 3876 1388 3916 sane
1419 3860 1670 3914 videntur
1702 3858 1872 3919 forma
1901 3859 1990 3914 illa
2021 3859 2134 3914 sere
2164 3861 2249 3914 usi
2281 3859 2610 3931 grammatici

318 3957 550 4004 vetereS.
600 3976 682 3984 -—
725 3944 927 3999 rectius
974 3952 1146 4000 tamen
1202 3962 1297 4000 eos
1342 3961 1456 3999 rem
1502 3946 1680 4018 egisse
1738 3946 1830 4017 qui
1873 3943 1929 3998 id
1975 3942 2291 3999 vocabulum
2348 3960 2375 3997 a
2418 3942 2607 3997 Latino

317 4038 633 4107 repeterent
688 4038 745 4083 et
795 4030 1080 4105 proprium
1135 4047 1255 4086 esse
1300 4030 1482 4103 poesis
1527 4045 1703 4113 genus
1758 4027 2010 4084 Romanis
2064 4027 2145 4083 vel
2201 4027 2353 4083 Ennii
2410 4026 2607 4082 docent

318 4127 553 4174 saturae.
649 4114 747 4172 73.
785 4113 883 4168 74.
946 4130 1133 4189 neque
1164 4123 1217 4171 te
1250 4122 1309 4170 ut
1338 4118 1578 4170 miretur
1608 4115 1780 4169 turba
1805 4116 2038 4171 labores
2068 4119 2372 4169 contentus
2392 4116 2608 4183 paucis

314 4204 631 4260 lectoribus
645 4225 665 4265 ,·
706 4215 835 4256 sane
874 4217 1165 4274 numquam
1198 4207 1303 4255 tam
1349 4198 1639 4273 populares
1684 4199 1835 4254 suere
1864 4197 2114 4254 Romanis
2146 4196 2350 4252 Horatii
2391 4204 2606 4251 saturae

319 4304 476 4361 quam
530 4285 753 4355 Lucilii,
810 4286 903 4358 qui
957 4285 1039 4341 vel
1096 4284 1312 4340 saeculo
1369 4301 1423 4358 p.
1478 4283 1603 4340 Chr.
1665 4301 1721 4339 n.
1777 4284 1950 4356 primo
1996 4290 2184 4337 nactus
2221 4278 2324 4336 ‘est
2370 4281 2602 4337 lectores

317 4372 603 4448 quosdam,
651 4370 740 4446 qui
786 4386 907 4426 eum
939 4369 1186 4427 omnibus
1231 4370 1465 4425 cuiusvis
1510 4370 1727 4441 generis
1771 4369 1948 4442 poetis
1978 4366 2252 4441 praeferre
2296 4382 2407 4422 non
2452 4366 2607 4424 dubi·
