3267 5075
1004 344 1223 398 LIBER
1259 345 1428 400 xvn.
1469 345 1668 400 xvm.
1707 345 1929 399 xvfln.
2529 342 2612 405 73

1352 506 1445 570 VI
1496 504 1583 593 [7]

366 622 454 686 15
501 683 543 691 -
569 671 604 689 e
631 673 666 691 ψ
691 660 735 689 -
750 671 1027 691 „„„„„
1051 682 1092 691 ..
1144 642 1383 707 magna
1428 645 1577 687 ossa
1620 623 1967 712 lacertique

502 737 821 825 adparent
861 737 1125 806 homini.

1151 957 1474 1032 LIBER
1526 958 1784 1031 XVIII.

1350 1115 1383 1179 I
1461 1116 1493 1180 1
1553 1139 1593 1180 a

498 1228 686 1293 milia
730 1229 1073 1294 ducentum
1120 1112 1454 1295 frumenti[
1469 1112 1627 1296 tglli'
1676 1230 2095 1313 medimnum,

496 1344 639 1408 vim'
685 1344 859 1409 mille
905 1345 1150 1411 cadum.

1334 1462 1401 1526 11
1441 1459 1605 1550 [4]b

497 1634 540 1642 ..
566 1623 602 1642 c
626 1625 663 1644 c
686 1636 725 1643 -
749 1624 785 1644 c
807 1625 844 1644 c
870 1634 904 1644 -
955 1598 1153 1661 aeque
1198 1577 1521 1644 fruniscor
1567 1600 1687 1665 ego
1735 1601 1809 1644 ac
1853 1584 1943 1644 tn.

1133 1793 1459 1866 LIBER
1512 1796 1807 1868 XVIIII.

1196 1950 1229 2014 I
1278 1948 1511 2038 [VIIIL
1557 1948 1668 2038 24]
1702 1974 1740 2015 a

496 2065 723 2149 rugosi
768 2064 1068 2150 passique
1115 2087 1299 2130 senes
1346 2065 1568 2131 eadem
1614 2069 1834 2132 omnia
1878 2070 2212 2153 quaerunt.

1327 2180 1393 2245 H
1442 2178 1530 2268 [1]
1562 2182 1605 2246 b

498 2295 595 2360 sic
638 2298 711 2359 tu
755 2295 901 2361 illos
947 2296 1190 2361 fructus
1238 2319 1534 2383 quaeras,
1582 2297 1851 2362 adversa
1893 2297 2103 2363 hieme
2150 2300 2303 2363 olim

499 2410 644 2493 quis
690 2412 785 2475 uti
830 2413 1039 2496 possis
1087 2434 1161 2477 ac
1209 2412 1521 2478 delectare
1568 2413 1742 2478 domi
1786 2417 1869 2478 te.

306 2604 410 2660 lib.
451 2605 631 2657 XVII.
735 2607 811 2658 VI
863 2607 1104 2663 Macrob.
1131 2611 1234 2659 satz
1263 2609 1355 2672 VI,
1385 2612 1428 2671 1,
1456 2611 1521 2660 43
1559 2608 1627 2658 ad
1652 2607 2026 2675 Vergilianum
2049 2609 2185 2661 illud
2224 2606 2365 2677 [aen.
2404 2613 2466 2673 V,
2493 2608 2613 2676 422]

307 2688 555 2737 magna
593 2690 747 2725 ossa
784 2675 1213 2742 lacertosque
1248 2676 1522 2727 extulit:
1571 2677 1882 2728 Lucilius
1921 2678 2023 2739 (ita
2060 2696 2129 2740 v.,
2178 2679 2422 2729 Lucius
2471 2681 2615 2740 Par„

310 2740 576 2804 Neapol„
617 2743 831 2806 quidam
866 2744 981 2794 cdd.
1020 2745 1404 2805 Lucretius,
1440 2744 1551 2794 edd.
1582 2744 1879 2795 nonnullae
1919 2746 2201 2805 Ennius)
2238 2746 2296 2795 in
2320 2746 2493 2796 XVII.

454 2810 480 2858 Ι
543 2811 683 2860 Non.
718 2813 835 2873 544,
877 2814 935 2860 11
975 2813 1146 2874 cadi,
1181 2827 1315 2862 vasa
1353 2814 1549 2878 quibus
1585 2814 1715 2862 vina
1768 2812 2085 2864 conduntur.
2170 2813 2484 2865 Lucilius
2520 2813 2615 2863 lib.

310 2910 507 2962 XVIII
544 2876 775 2974 (XVIII,
811 2918 936 2977 post
969 2904 1105 2967 VIII
1158 2930 1294 2965 eras.
1335 2914 1361 2963 I
1397 2912 1470 2976 G,
1514 2913 1698 2964 XVII
1738 2914 1948 2976 Bamb.,
2003 2931 2113 2965 non
2154 2915 2200 2964 L
2236 2914 2308 2978 2).
2363 2941 2428 2950 —
2472 2913 2617 2964 idem

304 2979 437 3040 495,
480 2981 543 3029 10
579 2994 625 3029 s.
660 2978 697 3029 1.
732 2982 1080 3035 accusativus
1128 2983 1334 3035 numeri
1371 2980 1671 3046 singularis
1716 2982 1931 3045 positus
1976 2998 2074 3047 pro
2109 2982 2366 3047 genetivo
2412 2981 2616 3047 plurali

311 3047 374 3096 in
424 3044 548 3096 loco
596 3052 855 3098 truncato
900 3048 1071 3102 habet
1108 3051 1300 3101 ultima
1345 3049 1585 3116 quinque
1623 3050 1789 3099 verba
1833 3049 2064 3111 Lucilii3
2112 3050 2178 3100 cf.
2218 3051 2449 3102 Merceri
2486 3055 2618 3100 nota

310 3112 383 3163 ad
417 3112 471 3163 h.
509 3112 548 3162 l.
654 3116 711 3165 ΙΙ
766 3115 908 3168 Non.
950 3119 1063 3180 113,
1105 3121 1134 3169 7
1171 3118 1469 3169 frunisci
1498 3133 1600 3192 pro
1640 3117 1767 3167 frui.
1838 3117 2157 3168 Lucilius
2192 3117 2284 3168 lib.
2321 3117 2524 3168 XVIII.

452 3181 483 3230 I
537 3180 677 3232 Non.
707 3185 788 3246 11,
816 3185 881 3233 29
916 3199 1183 3249 passum
1220 3191 1304 3236 est
1327 3199 1543 3250 proprle
1569 3200 1828 3250 rugosum
1854 3184 1945 3235 vel
1970 3186 2175 3237 siccum
2212 3186 2487 3247 (siccum
2510 3185 2555 3233 L
2581 3187 2613 3234 2

311 3250 372 3298 in
399 3248 551 3312 ras.).
626 3247 858 3301 Plautus
883 3277 948 3286 —
972 3253 1206 3305 Plautus
1231 3280 1295 3289 —
1322 3252 1633 3302 Lucilius
1668 3257 1970 3318 satyrarum
2007 3252 2100 3303 lib.
2138 3253 2355 3302 XVIIII
2395 3252 2614 3315 (VIIII

310 3317 359 3365 Ι,
404 3315 474 3379 1).
618 3318 670 3366 11
722 3318 861 3373 Non.
899 3321 1016 3383 357,
1056 3325 1121 3373 30
1169 3320 1324 3371 olim
1359 3320 1555 3370 trinam
1591 3319 1754 3370 habet
1792 3320 2242 3385 significationem
2286 3323 2613 3384 temporumz

311 3384 599 3449 praeteriti
633 3383 658 3410 ²⁸
680 3382 751 3411 ²¹⁶*
786 3390 1101 3451 praesentis.
1172 3387 1448 3454 Vergilius
1486 3389 1679 3452 (praes.
1716 3387 1781 3441 V.
1819 3403 1921 3438 om.
1962 3387 2101 3452 cdd.)
2140 3386 2428 3438 bucolicis:
2465 3401 2613 3438 meos

310 3452 444 3503 olim
482 3453 530 3502 si
566 3451 750 3503 fistula
773 3455 919 3506 dicat
945 3471 1168 3508 amores.
1232 3456 1361 3506 olim
1387 3456 1649 3520 temporis
1673 3455 1857 3507 futuri.
1914 3455 2192 3520 Vergilius
2220 3481 2282 3490 —
2308 3453 2613 3505 Lucilius

489 3666 569 3724 15
615 3685 808 3743 magna
868 3670 966 3725 hos
1024 3669 1136 3726 eale
1191 3671 1434 3744 cestique
1481 3670 1668 3742 Neap.
1876 3668 1952 3726 16
2003 3669 2126 3741 fuit
2180 3673 2282 3743 qui
2323 3671 2614 3726 coniceret

312 3753 576 3823 hominis,
615 3759 760 3825 puto
804 3761 985 3812 recte.

491 3838 521 3892 1
573 3843 633 3893 tu
680 3845 897 3894 centum
948 3839 1386 3897 Boutermelcius
1430 3846 1656 3913 quaest.
1710 3841 1895 3897 Lucil.
1946 3839 2042 3897 10.
2100 3869 2184 3879 —
2241 3838 2496 3895 formenti
2544 3840 2612 3909 G,

310 3922 358 3977 L
395 3922 452 3990 1,
499 3922 547 3977 L
579 3922 637 3993 2,
686 3922 891 3979 Bamb.
941 3954 1016 3963 —
1065 3923 1216 3980 tollis
1261 3926 1388 3981 cdd.
1421 3923 1568 3996 495,
1616 3922 1777 3979 tolles
1825 3922 1979 3997 5443
2026 3924 2156 3980 tolle
2200 3925 2328 3981 Iun.
2373 3953 2458 3963 —-
2503 3940 2613 3978 lne-

309 4006 540 4062 ‹linnum
587 4008 633 4063 G
679 4006 827 4064 495.
873 4039 955 4049 —-
1000 4009 1071 4064 ib.
1118 4011 1176 4065 in
1221 4009 1269 4064 L
1317 4009 1348 4063 1
1397 4007 1585 4064 cadum
1633 4024 1713 4065 ex
1756 4007 1972 4065 cadunt.
2178 4008 2215 4066 3
2263 4025 2367 4082 ego
2421 4008 2610 4063 Benti-

314 4107 450 4164 nu3‚
496 4107 635 4165 rego
684 4092 749 4161 G,
799 4108 893 4151 eso
937 4094 985 4149 L
1035 4094 1087 4148 1.

485 4174 522 4230 2
570 4176 615 4230 si
661 4175 740 4249 B,
773 4178 911 4234 Gen.
960 4207 1040 4218 —
1078 4175 1234 4251 “olym
1283 4172 1436 4253 (olim
1467 4176 1630 4249 Gen.)
1677 4177 2022 4234 defensorem
2069 4172 2227 4252 (add.
2261 4184 2321 4232 ut
2365 4191 2462 4250 per
2491 4191 2612 4230 eum

310 4255 479 4334 Gen.)
526 4277 639 4331 pro
686 4277 738 4318 0.
785 4279 839 4335 q.
888 4278 944 4318 u.
990 4262 1169 4336 possis
1220 4261 1303 4334 B,
1352 4262 1493 4320 Gen.
1542 4279 1622 4319 eoe
1679 4262 1824 4334 353,
1874 4262 1929 4319 7.
2117 4260 2154 4320 3
2208 4279 2269 4318 ac
2311 4261 2434 4331 Dp,
2479 4260 2613 4318 haec

307 4346 440 4402 cdd.
489 4354 672 4400 —te
715 4347 763 4402 L
812 4346 843 4400 1
891 4364 963 4402 m.
1015 4346 1070 4419 1,
1118 4363 1187 4403 ne
1234 4366 1283 4404 v.
