3267 5075
1067 394 1168 453 Ex
1203 394 1438 453 merus
1476 361 1834 454 mosam.
2467 391 2589 460 157

301 584 829 650 papaveracae
891 560 1186 647 Salmas,
1240 566 1653 647 paveratae
1711 558 1995 647 Scaliger
2050 560 2130 626 ad
2185 558 2310 627 Cir.
2355 548 2472 647 pg.'
2509 564 2591 628 61
2680 598 2685 603 «

304 681 405 744 011.
453 703 504 744 0.
555 679 753 764 1595)
801 679 1227 762 antiquiorem
1271 680 1516 743 habent
1561 679 1893 762 originem,
1939 679 2067 742 iam
2116 680 2198 742 ab
2252 678 2380 763 (ab
2426 677 2595 743 Bou·
2636 763 2649 775 .

301 795 645 859 terwekius
701 818 785 857 m.
849 794 1053 857 Rhen.
1110 816 1164 857 a.
1230 794 1399 858 1866
1464 815 1569 878 pg.
1625 794 1783 877 349,
1858 794 2001 856 sub
2057 792 2223 876 cdd.)
2294 792 2593 858 Lucilio

302 912 498 992 poeta
539 910 610 972 in
654 907 983 993 Torquato
1030 910 1308 972 notatae.

1273 1021 1437 1087 CXL
1514 1024 1595 1088 73

484 1140 732 1203 homini
779 1141 983 1204 amico
1029 1143 1096 1204 et
1138 1139 1440 1204 familiari
1484 1025 1623 1202 [non]
1665 1141 1764 1202 est
1807 1140 2064 1202 mentiri
2108 1121 2340 1204 meum.

1230 1261 1429 1327 CXLI
1476 1264 1661 1343 [166]

307 1378 441 1442 175
486 1378 758 1442 similem
804 1379 1050 1442 habent
1091 1379 1406 1443 lactucam
1452 1378 1636 1441 labra
1672 1379 2042 1443 comedente
2080 1380 2261 1443 asino
2309 1380 2595 1445 carduos,

1308 1501 1344 1537 ’l‘
1433 1501 1494 1539 ²1².
1558 1503 1593 1537 ³1⁶

1264 1604 1638 1692 ἀγέλαστος.

1141 1723 1373 1788 CXLII
1420 1723 1751 1806 [Serrano]

487 1862 713 1904 serena
757 1839 916 1903 caeli
961 1840 1206 1904 lumina
1252 1844 1315 1904 et
1362 1841 1514 1904 salsi
1558 1840 1779 1905 fretus.

298 2032 758 2102 περιπλεκέσθω.
932 2034 1074 2083 CXL
1137 2036 1297 2089 Lact.
1337 2036 1511 2084 instit.
1547 2035 1642 2097 VI,
1682 2039 1768 2098 18,
1804 2036 1835 2084 6
1870 2037 2058 2101 itaque
2095 2038 2272 2087 viator
2309 2037 2401 2088 ille
2433 2054 2593 2090 verus

300 2119 368 2153 ac
404 2105 580 2153 iustus
618 2119 729 2151 non
767 2099 913 2151 dicet
947 2098 1080 2152 illud
1128 2102 1557 2153 Lucilianum
1612 2103 1833 2164 (illum
1879 2106 2245 2156 Lucianum
2280 2106 2346 2169 B)
2384 2134 2449 2142 —
2495 2108 2592 2157 sed

302 2171 475 2221 etiam
511 2171 729 2220 inimico
765 2175 928 2235 atque
965 2173 1154 2233 ignoto
1191 2172 1526 2221 existimabit
1562 2188 1668 2220 non
1707 2188 1825 2221 esse
1864 2174 2082 2222 mentiri
2118 2190 2290 2224 suum.
2421 2174 2595 2224 CXLI
2674 2196 2689 2211 ⁴

300 2239 670 2303 Hieronymus
724 2238 883 2304 epist.
934 2239 1004 2286 ad
1060 2238 1457 2300 chromatium,
1508 2239 1757 2289 Iovinum
1809 2244 1865 2288 et
1917 2240 2205 2292 Eusebium
2263 2240 2335 2306 (1,
2372 2246 2473 2292 340
2508 2260 2594 2307 ap.

300 2306 627 2369 Miguium):
678 2306 913 2355 accessit
956 2305 1082 2354 huic
1125 2306 1360 2370 patellae
1405 2306 1583 2368 (iuxta
1628 2308 1817 2356 tritum
1863 2307 2050 2373 populi
2097 2324 2336 2358 sermone
2380 2325 2595 2373 prover-

215 2388 221 2399 *
300 2371 478 2437 bium)
513 2373 735 2437 dignum
772 2375 1100 2438 operculum,
1138 2369 1437 2438 Lupicinus
1474 2375 1754 2436 SacerdOS,
1790 2375 2077 2426 secundum
2112 2375 2248 2426 illud
2284 2392 2496 2442 quoque
2531 2378 2595 2427 de

301 2458 414 2506 quo
451 2441 612 2491 semel
649 2442 708 2490 in
742 2442 859 2491 vita
897 2440 1153 2491 Crassum
1190 2443 1270 2509 ait
1303 2443 1489 2491 risisse
1523 2442 1828 2492 Lucilius
1864 2471 1930 2479 —-
1963 2443 2216 2494 videlicet
2260 2449 2321 2494 ut
2356 2446 2593 2509 perfora-

300 2515 419 2560 tam
452 2524 651 2560 navem
698 2508 890 2560 debilis
932 2509 1261 2573 gubernator
1293 2513 1452 2573 regat
1496 2516 1553 2561 et
1590 2525 1787 2561 caecus
1831 2526 2023 2563 caecos
2059 2511 2226 2563 ducat
2267 2512 2325 2562 in
2361 2513 2590 2565 foveam.

301 2606 369 2612 —
409 2577 552 2627 idem
589 2577 657 2627 ad
693 2577 1091 2627 Demetriadem
1130 2577 1196 2640 (1,
1237 2578 1414 2641 1118):
1470 2582 1524 2628 et
1560 2580 1632 2629 M.
1671 2577 1925 2648 Crassum
1961 2580 2119 2629 semel
2159 2582 2215 2630 iu
2250 2581 2367 2631 vita
2402 2583 2595 2633 scribit

301 2645 494 2695 risisse
535 2644 856 2695 Lucilius.
901 2673 968 2680 --
1012 2645 1150 2694 idem
1183 2646 1447 2695 adversus
1486 2644 1738 2696 Rufinum
1774 2647 1910 2710 1111,
1950 2650 2074 2697 383:
2132 2652 2201 2698 et.
2233 2649 2459 2700 imiteris
2497 2650 2592 2699 ali·

302 2711 526 2778 quando
560 2711 840 2775 Crassum,
883 2728 1042 2777 quem
1076 2713 1237 2763 semel
1272 2714 1330 2761 in
1368 2714 1481 2763 vita
1516 2713 1654 2763 dicit
1689 2715 1882 2766 risisse
1916 2715 2240 2769 Lucilius.
2295 2744 2360 2752 -
2414 2718 2487 2767 id.
2526 2719 2596 2767 ad

300 2780 634 2830 Demetriad.
672 2777 825 2843 (1111,
863 2782 912 2842 2,
950 2783 1048 2831 792
1086 2779 1166 2831 011.
1205 2779 1387 2844 Ben.)=
1439 2787 1496 2832 et
1530 2781 1603 2831 M.
1646 2781 1903 2832 Crassum
1949 2781 2109 2832 semel
2152 2784 2210 2833 in
2252 2785 2371 2833 vita
2405 2786 2596 2836 scribit

239 2867 249 2880 ·
302 2849 495 2897 risisse
531 2846 855 2898 Lucilius.
892 2874 960 2883 -—
995 2848 1108 2898 Cic.
1148 2847 1214 2898 de
1239 2847 1330 2898 fin.
1353 2848 1418 2910 V,
1442 2853 1525 2911 30,
1549 2847 1613 2899 92
1650 2855 1709 2899 at
1744 2849 1844 2900 hoc
1878 2852 1936 2899 in
1971 2866 2035 2901 eo
2073 2851 2145 2903 M.
2185 2850 2402 2914 Crasso,
2439 2869 2596 2917 quem

303 2915 470 2966 semel
508 2915 586 2965 ait
621 2916 679 2964 in
713 2916 828 2965 vita
851 2916 1038 2965 risisse
1072 2916 1381 2967 Lucilius
1418 2932 1528 2966 non
1566 2918 1801 2981 contigit
1825 2922 1884 2968 ut
1911 2934 1977 2968 ea
2004 2934 2059 2967 re
2082 2919 2261 2970 minus
2286 2912 2595 2985 ἀγέλαστος

301 2988 366 3034 ut
406 2984 489 3031 ait
524 2982 662 3032 idem
700 2987 1010 3034 vocaretur.
1052 3010 1114 3018 —
1150 2984 1222 3033 id.
1259 2985 1422 3035 Tusc.
1457 2984 1657 3048 disput.
1693 2985 1793 3047 ΙΙΙ,
1820 2988 1900 3047 15,
1936 2989 1998 3036 31
2037 3001 2137 3036 nec
2172 3002 2304 3037 vero
2342 3003 2406 3037 ea
2440 2989 2593 3040 frons

301 3055 442 3113 erat,
478 3065 617 3114 quae
653 3051 724 3099 M.
764 3050 953 3101 Crassi
986 3051 1139 3101 illius
1172 3053 1398 3115 veteris,
1454 3067 1608 3116 quem
1645 3052 1817 3102 semel'
1850 3054 1932 3102 ait
1975 3054 2034 3103 in
2070 3055 2216 3104 omni
2251 3056 2369 3105 vita
2405 3058 2593 3108 risisse

303 3118 635 3168 Lucilius.
671 3144 736 3170 τ-
771 3118 1166 3169 Pseudoascon.
1204 3121 1260 3168 in
1296 3124 1401 3169 act.
1435 3121 1494 3169 in
1529 3120 1683 3169 Verr.
1720 3121 1746 3170 Ι
1782 3135 1870 3186 pg.
1901 3121 2099 3172 les-ed.
2123 3122 2297 3184 Bait.;
2338 3125 2501 3174 semel
2536 3126 2594 3173 in

302 3187 429 3237 vita
463 3185 655 3237 risisse
691 3184 943 3237 Crassum
980 3187 1175 3237 scribit
1210 3187 1546 3238 Lucilius.
1593 3215 1658 3222 -—
1703 3188 1844 3238 Plin.
1881 3204 1932 3239 n.
1970 3189 2099 3240 hist.
2135 3190 2267 3253 VII,
2311 3194 2367 3241 19
2412 3191 2593 3241 ferunt

303 3254 568 3304 Crassum
601 3268 764 3302 avum
798 3252 985 3305 Crassi
1017 3256 1076 3304 in
1114 3255 1331 3306 Parthis
1368 3255 1685 3321 interempti
1709 3271 1997 3321 numquam
2032 3258 2238 3320 risisse,
2274 3258 2342 3307 ob
2378 3258 2431 3307 id
2455 3258 2593 3324 Age-

302 3322 514 3372 lastum
546 3327 818 3371 vocatum.
854 3349 921 3360 —
954 3321 1124 3371 Amm.
1159 3322 1324 3374 Marc.
1363 3322 1562 3386 XXVI,
1600 3327 1649 3386 9,
1679 3326 1736 3372 11
1775 3325 2078 3388 Procopius
2114 3352 2174 3360 -
2213 3323 2364 3375 illius
2399 3322 2593 3379 similis

304 3390 519 3451 Crassi,
555 3403 712 3455 quem
746 3390 804 3438 in
840 3391 953 3440 vita
990 3389 1151 3440 semel
1185 3391 1377 3442 risisse
1411 3390 1717 3441 Lucilius
1754 3390 1998 3441 adfirmat
2033 3397 2087 3441 et
2116 3392 2342 3443 Tullius.
2379 3419 2444 3429 -
2481 3397 2593 3444 Ma-

305 3458 457 3511 crob.
496 3461 706 3509 saturn.
741 3458 816 3521 ΙΙ,
857 3461 901 3519 1,
938 3461 970 3507 6
1005 3472 1176 3523 neque
1211 3472 1312 3522 ego
1349 3473 1466 3508 sum
1501 3459 1716 3510 nescius
1751 3475 1851 3511 vos
1887 3486 1951 3495 —-
1988 3475 2085 3509 nec
2121 3459 2379 3511 Crassum
2422 3462 2594 3526 illum,

281 3540 470 3591 ,quem
516 3523 705 3575 Cicero
748 3529 967 3575 auctore
1003 3526 1267 3576 Lucilio
1321 3525 1481 3577 semel
1526 3528 1582 3575 in
1626 3528 1744 3576 vita
1778 3527 1968 3577 risisse
2006 3528 2219 3591 scribit,
2275 3543 2595 3596 magnopere

302 3593 512 3643 mirari.
581 3591 649 3643 cf.
695 3598 753 3643 et
797 3591 980 3643 Sidon.
1023 3592 1201 3658 Apoll.
1248 3595 1341 3656 24,
1382 3597 1457 3645 13.
1640 3593 1840 3644 CXLII
1898 3596 2034 3645 Non.
2082 3597 2206 3658 205,
2242 3599 2308 3647 23
2356 3597 2593 3649 fretum

302 3661 488 3711 neutri
522 3664 734 3710 tantum
770 3661 985 3724 generis
1019 3676 1141 3713 esse
1186 3662 1437 3714 volumus
1482 3695 1547 3704 —-
1590 3662 1885 3713 masculini
1927 3662 2219 3715 Lucretius
2255 3691 2320 3699 -
2356 3665 2592 3719 Naevius

484 3891 604 3950 174
660 3900 716 3948 et
772 3893 896 3950 BR
912 3936 925 3954 .
983 3910 1046 3949 ac
1100 3913 1151 3951 υ.
1337 3893 1455 3952 175
1524 3896 1782 3953 lactucam
1850 3894 1994 3952 labra
2061 3899 2376 3956 comedente
2441 3905 2592 3959 asino

301 3976 539 4035 carduos
605 3975 690 4048 M,
760 3976 905 4033 labra
966 3977 1223 4035 lactucam
1288 3981 1440 4036 asino
1512 3981 1744 4037 carduos
1809 3982 2127 4040 comedente
2185 3986 2592 4059 Hieronymus.

300 4093 389 4104 -—-
449 4060 627 4131 labra,
690 4069 832 4132 pulo
886 4061 1042 4119 labia.
1264 4065 1379 4121 176
1436 4082 1626 4122 serena
1690 4066 1849 4124 Scal.
1908 4069 1987 4123 ced
2026 4069 2164 4125 Αιιε.
2219 4087 2280 4140 p.
2327 4069 2451 4141 295
2506 4075 2591 4127 ed.

307 4142 488 4217 Tou„
533 4162 724 4203 serana
768 4147 816 4206 L
865 4148 931 4219 1,
998 4165 1216 4230 saerana
1275 4151 1355 4226 (ae
1399 4169 1469 4205 m.
1518 4149 1554 4205 2
1606 4151 1757 4223 fact.
1811 4168 1891 4208 ex
1935 4150 1981 4227 a)
2041 4154 2116 4215 G,·
2171 4152 2402 4210 Serrano
2460 4157 2592 4213 Iun.

301 4261 392 4272 --
459 4231 600 4287 coeli
666 4232 826 4297 Αἶά,
895 4233 1125 4289 caecaeli
1191 4236 1237 4289 L
1297 4236 1363 4301 1,
1428 4234 1613 4291 caecili
1676 4237 1741 4293 G.
1807 4266 1886 4275 —
1955 4235 2154 4292 lumina
2210 4238 2298 4309 M,
2374 4242 2593 4296 nomine

302 4317 473 4379 cdd.;
527 4331 718 4371 serena
773 4316 906 4373 caeli
961 4320 1191 4374 momina
1248 4317 1442 4377 Lchm.
1490 4338 1685 4377 comm.
1735 4322 1908 4377 Lucr.
1963 4320 2106 4380 413.
2164 4353 2249 4365 —-
2302 4324 2430 4380 salsi
2475 4326 2591 4403 Sc„

298 4403 424 4477 Dp,
467 4400 594 4457 salis
641 4419 686 4457 v.
