3267 5075
694 321 825 384 240
1584 321 1804 377 LIBER
1839 320 1982 377 xvi.
2020 285 2188 377 XVII.

867 488 922 544 7.
967 487 1188 560 'Cotusz
1232 487 1496 542 sollemne
1541 486 1593 542 id
1643 505 1836 544 nomen
1870 488 2106 543 Thracae
2138 488 2377 562 regibus.
2429 519 2504 526 —
2556 490 2655 544 hoc
2691 487 2798 543 loco
2833 505 2935 543 cre-

695 572 859 627 dibile
903 580 987 627 est
1032 570 1325 645 significari
1372 588 1515 644 eum,
1560 573 1646 627 cui
1692 589 1813 627 cum
1859 590 1888 626 a
1934 573 2115 628 Persei
2146 572 2390 645 partibus
2421 575 2661 628 stetisset
2700 589 2816 646 rege
2855 573 2933 627 de-

695 658 837 712 victo
882 658 1087 712 veniam
1134 657 1331 712 dedere
1361 655 1581 712 Romani
1613 657 1773 712 simul
1806 655 1915 711 lilio
1948 664 2002 711 et
2034 656 2311 711 obsidibus
2341 659 2458 713 sine
2488 659 2659 729 pretio
2699 658 2935 723 remissis;

695 741 763 797 cf.
809 741 1068 797 Momsen.
1113 742 1239 797 hist.
1284 740 1439 796 Rom.
1483 740 1524 813 l,
1559 740 1699 797 781.
1789 742 1853 796 de
1898 757 1963 796 eo
2008 743 2085 796 sic
2128 740 2384 814 Polybius
2428 742 2627 813 XXVll,
2673 742 2741 799 10
2776 732 2935 795 ὁΚό-

695 845 799 893 τυς
853 815 933 900 ἦν
970 817 1123 900 ἀνὴρ
1163 819 1265 880 καὶ
1303 817 1452 880 κατὰ
1493 820 1603 898 τὴν
1647 819 2005 897 ἐπιφάνειαν
2044 816 2346 901 ἀξιόλογος
2388 820 2492 881 καὶ
2529 820 2670 901 πρὸς
2716 819 2811 892 τὰς
2847 842 2937 880 πο-

696 905 935 984 λεμικὰς
992 906 1190 987 χρείας
1249 904 1548 984 διαφέρων
1589 941 1666 949 -
1709 905 1811 965 καὶ
1866 904 2165 985 πραότητα
2228 905 2330 966 καὶ
2387 905 2588 985 βάθος
2640 899 2939 981 ὑπέφαινεν

696 990 1073 1081 ἕλευθὲριονῖ
1104 1025 1186 1033 -
1230 994 1391 1050 alium
1436 995 1520 1048 sui
1569 996 1826 1067 temporis
1870 994 2104 1049 'rhu-aeae
2150 1011 2334 1068 regem
2380 996 2774 1068 cognominem,
2816 995 2939 1049 simi·

696 1082 820 1136 liter
862 1088 916 1133 et
961 1082 1135 1153 ipsum
1183 1080 1401 1152 optimis
1454 1077 1650 1134 studiis
1695 1078 1960 1134 imbutum
2016 1077 2164 1133 illum
2222 1089 2484 1135 memorat
2540 1078 2631 1135 Ov.
2673 1097 2749 1152 ep.
2792 1095 2852 1133 ex
2889 1077 2979 1132 P.-

697 1165 759 1236 ΙΙ,
793 1166 849 1220 9.
882 1195 966 1203 —-
995 1166 1276 1237 demayis:
1321 1172 1557 1237 nugatur
1600 1164 1827 1233 NoniuS,
1873 1179 2194 1237 quamquam
2237 1165 2400 1218 etiam
2443 1165 2500 1221 in
2545 1163 2757 1219 Labbaei
2793 1163 2939 1236 glosis

697 1250 899 1323 legitur
942 1249 1196 1322 demayis
1239 1244 1533 1322 σφοδρῶς.
1609 1248 1809 1303 rectius
1841 1247 2036 1303 Paulus
2069 1247 2144 1304 71
2193 1249 2448 1320 demayis
2469 1266 2585 1319 pro
2617 1252 2788 1305 minus
2813 1249 2939 1308 anii-

697 1336 796 1407 qui
835 1335 1119 1389 dicebant.
1166 1364 1249 1373 -
1295 1332 1509 1387 videtur
1551 1332 1667 1387 sere
1711 1332 1879 1387 fuisse
1923 1331 2062 1387 idem
2109 1333 2254 1405 quod
2303 1349 2334 1389 e
2379 1336 2693 1390 contraria

868 1418 922 1473 9.
1000 1419 1265 1473 transibit
1281 1442 1296 1474 .-
1338 1417 1471 1472 illud
1517 1421 1784 1473 transivit
1830 1423 1891 1470 ut
1933 1418 2150 1472 satirico
2196 1425 2388 1489 poetae
2434 1435 2545 1473 nou
2590 1419 2842 1489 convenit,
2883 1419 2944 1470 ita

697 1519 764 1557 ne
808 1504 1106 1557 sententiae
1151 1501 1365 1574 quidem
1412 1511 1595 1575 aptum
1642 1510 1743 1556 est.
1835 1502 2121 1571 transibit,
2154 1503 2220 1575 ,in
2266 1500 2628 1575 descriptione
2678 1506 2777 1557 τσῦ
2811 1492 2941 1556 nidv-

699 1580 908 1649 νοῖτους
956 1595 1015 1641 ut
1060 1594 1280 1659 apparet
1326 1603 1388 1641 ex
1435 1588 1511 1640 eis
1557 1602 1694 1658 quae
1740 1586 1806 1640 de
1837 1593 2015 1641 statua
2064 1586 2353 1641 illa-tradit
2384 1587 2587 1642 Plinius
2617 1586 2824 1658 xxxw,
2852 1585 2942 1641 39:

700 1673 817 1728 talis
871 1669 1148 1745 (luppiter)
1207 1679 1261 1725 et
1319 1671 1533 1726 Tarenti
1594 1670 1765 1725 factus
1822 1688 1849 1725 a
1894 1668 2130 1743 Lysippo
2187 1669 2269 1724 XL
2326 1670 2629 1728 cubitorum
2673 1703 2751 1712 -—
2790 1672 2946 1742 itaque

698 1758 1119 1830 magnitudinem
1166 1765 1392 1829 propter
1435 1754 1916 1827 difficultatemque
1961 1755 2214 1811 moliendi
2260 1773 2369 1811 non
2411 1757 2595 1829 attigit
2635 1773 2752 1811 eum
2779 1753 2943 1809 Fabius

701 1843 1052 1900 Verrucosus,
1097 1857 1217 1895 cum
1267 1838 1552 1895 Herculem
1597 1841 1691 1912 qui
1736 1848 1819 1894 est
1864 1840 1917 1893 in
1963 1839 2228 1913 Capitolio
2274 1836 2398 1895 inde
2445 1840 2773 1897 transferret.

873 1927 970 1981 10.
1040 1927 1158 1981 ibat
1198 1925 1359 1998 forle
1390 1929 1575 1989 aries,-
1621 1923 1749 1979 Hor.
1782 1932 1884 1979 sat.
1918 1923 1959 1994 l,
1993 1924 2051 1996 9,
2085 1924 2117 1978 1
2164 1926 2314 1979 ibam
2353 1926 2517 1999 forte
2548 1930 2636 1982 via
2669 1942 2851 1981 sacra.
2877 1953 2946 1962 -

701 2019 977 2082 exaptum
1017 2012 1309 2080 pendere;
1352 2010 1455 2064 Cic.
1503 2026 1604 2083 pro
1636 2008 1857 2063 Caecina
1892 2009 1967 2065 18
2013 2027 2126 2065 non
2159 2025 2238 2065 ex
2269 2012 2458 2066 verbis
2488 2017 2682 2081 aptum
2718 2010 2947 2081 pendere

696 2101 803 2152 ius·
854 2126 928 2134 —
973 2097 1229 2164 pendere
1272 2092 1422 2150 inlin‘.
1470 2092 1784 2166 historicuS,
1833 2101 1892 2148 ut
1935 2092 2066 2164 Vlll,
2100 2094 2137 2149 5
2185 2095 2540 2168 absteryere.

871 2180 969 2235 11.
1033 2181 1391 2250 producunt,
1440 2185 1674 2252 auyent,
1720 2179 1983 2237 evehunt.

866 2316 1019 2388 xvn‚
1061 2317 1109 2371 1.
1166 2325 1388 2390 apparet
1432 2317 1537 2372 lioc
1580 2316 1702 2371 loco
1748 2315 2008 2371 Lucilium
2056 2316 2279 2372 seminas
2310 2317 2566 2389 quasdam
2606 2320 2687 2373 sui
2721 2316 2946 2390 temporis

700 2419 837 2475 quae
867 2402 981 2457 aliis
1014 2409 1107 2457 aut
1136 2402 1234 2457 sibi
1267 2412 1414 2457 certe
1446 2401 1756 2456 viderentur
1787 2399 1955 2456 bellae
2000 2418 2119 2456 cum
2153 2401 2422 2458 Homerici
2466 2404 2712 2457 carminis
2743 2400 2946 2458 beroinis

697 2503 1025 2560 comparare.
1085 2517 1168 2526 -
1224 2494 1449 2544 uterum
1494 2495 1669 2560 atque
1724 2487 1891 2542 eliam
1947 2488 2179 2560 inguina
2227 2495 2467 2560 [anyere
2522 2492 2800 2548 mammis,-
2845 2500 2946 2542 cum

699 2572 998 2645 hyperbole
1033 2574 1162 2628 baec
1205 2572 1344 2627 dicta
1391 2580 1450 2626 ut
1494 2571 1616 2627 alibi
1664 2570 1897 2627 broncu'
1933 2572 2303 2636 Bovillanus;
2347 2574 2515 2627 dente
2560 2575 2799 2629 adverso
2839 2573 2948 2627 ‘emi-

699 2661 834 2714 mtlo
877 2659 971 2713 Izic
1017 2666 1122 2726 est,
1170 2658 1509 2713 rhinoceros
1552 2659 1705 2712 velut
1752 2656 2085 2726 Aethiopus,
2133 2688 2217 2696 —
2266 2651 2478 2732 Τυρών
2521 2674 2586 2713 an
2637 2657 2860 2733 Τυροῦν
2895 2670 2947 2708 an

704 2744 987 2816 Tyronem
1031 2741 1372 2797 scribendum
1418 2742 1519 2812 sit,
1565 2740 1886 2813 plerumque
1931 2741 2141 2797 dubito.
2195 2773 2279 2780 —
2331 2744 2545 2798 dictum
2589 2760 2688 2816 pro
2732 2745 2949 2816 divitum,

699 2836 761 2882 ut
806 2829 857 2882 in
905 2827 1081 2882 verbis
1115 2827 1366 2881 Varronis
1412 2824 1549 2898 apud
1582 2824 1811 2879 Nonium
1862 2825 1979 2880 117
2013 2843 2058 2880 S.
2107 2826 2142 2881 l.
2176 2844 2482 2900 gangrena:
2530 2846 2643 2884 non
2692 2807 2950 2898 viiupera-

699 2928 844 2982 muS,
889 2929 1016 2967 cum
1061 2915 1271 2966 scimus
1313 2913 1522 2966 dietum
1556 2912 1824 2980 praecidi
1861 2907 2148 2980 oportere.
2225 2913 2404 2967 minus
2439 2920 2615 2966 tamen
2657 2921 2799 2967 recte
2838 2915 2948 2983 puto

700 2995 913 3050 Catullo
962 2994 1121 3050 tribui
1167 2996 1303 3050 hanc
1346 3011 1646 3068 syncopen,
1692 2994 1834 3067 apud
1880 3011 2038 3067 quem
2086 2995 2289 3070 legitur
2331 3013 2378 3051 c.
2424 2995 2535 3051 66:

955 3160 1065 3198 non
1109 3143 1153 3197 si
1198 3158 1283 3197 me
1327 3141 1537 3220 infestis
1585 3141 1891 3214 discerpant
1934 3139 2114 3198 sidera
2157 3141 2335 3201 (lictis,

699 3294 770 3346 ita
815 3292 866 3346 iu
914 3291 1197 3364 pervigilio
1245 3289 1464 3344 Veneris
1509 3288 1712 3362 legitur
1751 3291 2150 3360 perviolanda.
2198 3318 2281 3328 —-
2325 3285 2509 3346 lunius
2549 3291 2697 3347 dedit
2741 3289 2949 3347 naeinam

695 3380 933 3447 pictum,
982 3374 1293 3449 languidum
1341 3373 1473 3429 illud
1504 3382 1557 3428 et
1590 3390 1772 3429 eversu
1804 3375 2187 3430 concinnitate.
2233 3405 2315 3413 —-
2361 3391 2710 3447 conpernem
2755 3381 2847 3431 aul
2874 3390 2950 3429 va·

702 3479 862 3523 ram,·
905 3459 1127 3518 Plautus
1172 3461 1223 3515 in
1256 3460 1543 3532 Silitergo:
1590 3463 1680 3514 sin
1725 3474 1794 3513 ea
1840 3462 1918 3514 mi
1956 3461 2255 3532 insiynitos
2277 3474 2497 3530 pueros
2534 3464 2740 3531 pariat
2775 3464 2948 3533 postea

702 3554 803 3601 auc
848 3564 1049 3601 varum
1096 3551 1197 3601 aut
1242 3548 1465 3618 vulqum
1512 3551 1614 3600 aut
1661 3559 2024 3614 compernem.
2071 3574 2155 3583 —-
2194 3542 2381 3616 fuisse
2424 3545 2778 3618 disyllabum3
2818 3543 2879 3598 cl.
2908 3538 2949 3593 d.

704 3648 747 3684 r.
780 3646 849 3684 m.
885 3628 1027 3684 271.
1080 3659 1154 3668 -
1204 3633 1425 3701 alquei3
1469 3629 1566 3685 hac
1612 3627 1874 3701 particula
1906 3628 1992 3682 hic
2036 3645 2198 3701 opus,
2243 3646 2351 3684 non
2382 3645 2442 3684 ea
2475 3647 2613 3702 quae
2644 3630 2804 3704 vulgo
2832 3628 2951 3697 lege-

700 3713 875 3769 batur.
932 3743 1002 3753 —-
1050 3711 1285 3784 Ledam,
1332 3715 1469 3769 hanc
1511 3713 1704 3768 ultimo
1749 3712 1870 3768 loco
1917 3715 2120 3784 posuit,
2166 3715 2290 3786 quia
2334 3722 2389 3767 et
2431 3715 2544 3787 ipsa
2579 3723 2695 3770 erat
2736 3712 2951 3788 pulcher·

701 3800 832 3853 rima
864 3806 918 3851 et
950 3797 1337 3870 pulcherrimae
1362 3806 1531 3853 mater
1562 3796 1719 3853 filiae.
1773 3798 1950 3876 omnia
1983 3806 2157 3852 autem
2191 3797 2431 3872 exempla
2460 3798 2779 3855 feminarum
2808 3798 2950 3852 forma

704 3884 995 3955 insignium
1038 3883 1204 3955 petita
1250 3899 1313 3937 ex
1359 3882 1394 3938 l.
1443 3883 1507 3937 Xl
1553 3882 1832 3955 odyssiue,
1889 3883 1940 3936 in
1988 3899 2115 3954 quo=
2144 3881 2306 3938 habes
2352 3900 2401 3937 v.
2448 3882 2570 3939 235
2636 3877 2803 3959 Τυρώ
2839 3875 2951 3935 ἴδον

703 3960 1113 4041 εὐπατέρειανς
1171 3966 1291 4023 266
1330 3959 1670 4040 Ἀλκμήνην
1720 3961 1856 4021 ἴδον
1900 3956 2341 4041 Ἀμφιτρύωνος
2399 3961 2664 4033 &uotum
2720 3968 2834 4026 298
2869 3953 2949 4018 καὶ

703 4047 926 4126 Λήδην
966 4041 1143 4108 εἶδον.
1196 4081 1268 4091 -
1316 4053 1472 4120 vide,
1520 4046 1941 4123 pyrricliincum,
1997 4060 2057 4106 ut
2103 4053 2343 4118 vidctur;
2398 4051 2469 4108 cf.
2518 4052 2572 4107 d.
2621 4070 2667 4109 r.
2715 4071 2787 4110 m.
2828 4047 2945 4107 340·

702 4155 855 4192 nunc
900 4155 999 4211 pro
1029 4155 1181 4194 num.
1254 4137 1383 4191 satis
1428 4143 1641 4190 constat
1672 4135 1939 4191 Romanos
1983 4146 2247 4209 sequente
2292 4154 2328 4192 n
2361 4136 2441 4191 vel
2489 4138 2753 4210 gutturali
2781 4135 2949 4192 dixisse

703 4239 821 4276 mm
867 4222 1189 4278 emolliendo
1233 4237 1394 4292 sono,
1442 4227 1499 4274 ut
1542 4219 1726 4276 dixere
1773 4230 2003 4276 iuncum
2052 4238 2149 4293 pro
2207 4228 2321 4277 tum
2367 4239 2517 4277 cum.
2565 4253 2648 4262 —
2699 4222 2770 4280 il».
2812 4216 2945 4275 xata-

702 4300 1025 4384 πλόκαμον,
1070 4304 1466 4383 καλίσφυρον;
1520 4305 1592 4359 ita
1639 4307 1693 4360 in
1737 4305 2175 4381 inscriptionibus
2221 4301 2528 4382 Καλιστῶ,
2577 4299 2947 4376 Καλισθὲνης)

431 4665 1961 5003 nssm
