3267 5075
1234 372 1455 427 mssa
1485 371 1709 426 xvmi.
1748 369 1865 424 xx.
2616 363 2699 426 75

1450 532 1510 597 X
1559 530 1650 619 [8]

586 671 857 715 rausuro
901 651 1187 736 tragicus
1234 651 1343 735 qui
1389 648 1678 714 carmina
1721 648 1933 732 perdit
1976 646 2230 732 Oreste..

1289 830 1614 903 LIBER
1668 829 1818 903 XX.

1428 968 1461 1032 I
1511 965 1600 1056 [9]
1633 991 1673 1033 a

587 1107 908 1169 purpureo
955 1085 1140 1149 tersit
1183 1088 1361 1161 111110,
1384 1085 1550 1149 latas
1599 1104 1883 1169 gausape
1928 1104 2184 1147 mensas

1312 1196 1785 1286 II[1111‚5]b

588 1315 683 1378 illi
727 1315 1049 1399 praeceiso
1097 1318 1289 1400 atque
1335 1315 1538 1494 epulHIis
1566 1315 1927 1399 capiuntur
1971 1312 2220 1397 opimis

1400 1428 1703 1518 11113]

586 1545 1018 1629 pulmentaria
1061 1549 1126 1610 et
1169 1546 1434 1611 intubus
1482 1549 1595 1610 aut
1640 1546 1855 1630 aliqua
1899 1546 1963 1609 id
2011 1565 2214 1630 genus
2259 1544 2460 1609 herba

587 1664 652 1723 et
695 1660 796 1724 ius
841 1682 1176 1725 menarum
1214 1661 1386 1725 bene
1430 1661 1647 1745 habet,
1694 1662 1786 1725 sei
1832 1661 2135 1745 myetyris
2181 1659 2339 1723 haec
2386 1662 2500 1723 est.

1392 1774 1487 1841 IV
1537 1773 1625 1862 [5]
1660 1776 1701 1839 d

502 1891 545 1954 5
590 1890 721 1954 iam
768 1890 1201 1974 disrumpetur
1245 1891 1518 1976 medius,
1563 1892 1720 1976 iam,
1766 1894 1839 1955 111
1882 1890 2119 1955 Marsu'
2166 1890 2460 1955 colubras

587 2006 929 2090 disrumpit
973 2009 1193 2090 cantu,
1238 2028 1435 2071 venas
1486 2029 1632 2072 cum
1680 2007 2034 2071 extenderit
2079 2007 2306 2071 omnis.

1459 2118 1544 2208 [v
1590 2119 1649 2209 e]

584 2227 1361 2308 ,...,-.,.,-·„.,-„;.„
1386 2286 1482 2305 ..c
1543 2234 1905 2323 [chlaenam

585 2350 857 2435 desuper
901 2349 1196 2415 induizam
1241 2348 1546 2438 foedavit]
1597 2400 1934 2422 „„„„„„
2011 2369 2018 2378 ·

401 2509 731 2562 XXVIIII
767 2508 839 2573 B,
884 2485 1192 2561 Lucilius
1237 2511 1439 2563 omisso
1485 2510 1612 2562 libri
1648 2519 1870 2563 numero
1906 2510 1992 2576 A).
2134 2511 2184 2560 X
2237 2511 2555 2563 Priscianus
2602 2513 2701 2562 907

400 2580 560 2631 rausi
596 2595 891 2640 rausum,
926 2579 1066 2628 unde
1100 2579 1410 2631 Lucilius
1446 2580 1504 2629 in
1540 2579 1755 2630 XVIIII
1794 2579 1892 2643 (in
1926 2580 2182 2631 XVIIII
2219 2595 2321 2630 om.
2359 2578 2565 2644 Sang.).

540 2648 571 2697 I
626 2645 802 2710 Prisc.
841 2649 941 2698 870
974 2652 1158 2710 tergeo
1197 2649 1365 2698 tersi
1391 2674 1451 2683 —
1480 2646 1785 2698 Lucilius
1821 2649 1878 2697 in
1903 2648 2007 2696 XX
2043 2647 2122 2711 (in
2146 2647 2249 2695 XX
2273 2664 2375 2698 om.
2405 2645 2612 2712 Sang.).

401 2716 463 2766 H
514 2713 656 2765 Non.
697 2716 901 2775 150„33
937 2715 1318 2779 praecisum
1352 2719 1406 2764 et
1440 2730 1684 2765 omasum
1709 2720 1900 2780 partes
1929 2717 2109 2766 carnis
2132 2721 2188 2765 et
2212 2715 2505 2766 viscerum.
2563 2715 2701 2765 Nae-

398 2784 527 2833 vius
548 2807 612 2818 —
632 2781 948 2832 Lucilius
973 2782 1067 2832 lib.
1090 2781 1212 2833 XX.
1282 2782 1369 2831 111
1391 2781 1531 2832 Non.
1560 2785 1675 2846 137,
1697 2786 1762 2834 28
1787 2784 2110 2848 myctyris
2138 2783 2413 2846 (myctyi
2424 2784 2479 2833 is
2500 2781 2702 2845 Bamb.,

397 2852 449 2900 L
477 2849 850 2913 2,11110111·13
888 2848 1004 2900 add.
1041 2848 1061 2898 l
1099 2864 1264 2914 supra
1299 2865 1325 2899 r
1362 2848 1563 2900 lineola
1588 2849 1908 2902 transfixum
1942 2851 2079 2901 etin
2104 2863 2271 2914 marg.
2307 2850 2403 2900 ubi
2440 2848 2703 2915 plurimae

396 2923 594 2968 extant
627 2916 1086 2998 interpolationes
1122 2916 1412 2968 mictilis
1437 2916 1501 2980 G,
1535 2918 1848 2981 mictyris
1883 2918 1930 2967 L
1959 2918 2009 2983 1)
2047 2917 2378 2984 paupercula
2413 2932 2545 2967 cena
2570 2916 2698 2982 (om.

398 2985 548 3048 libri,
575 2982 670 3051 qui
691 2983 814 3035 add.
842 2984 1342 3049 pulmentaria).
1389 2983 1703 3036 Lucilius
1726 2985 1823 3036 lib.
1849 2985 1969 3035 XX.
2006 3013 2071 3023 --
2107 2984 2178 3036 id.
2205 2987 2323 3048 208,
2351 2987 2486 3036 323.
2509 3000 2565 3036 v.
2601 2986 2701 3035 in-

395 3051 544 3103 tiba
580 3079 645 3089 —
682 3051 1015 3102 Lucilins'
1031 3053 1338 3118 satyrarum
1361 3051 1451 3103 lib.
1477 3052 1605 3103 V—
1630 3053 1798 3103 1dem
1821 3053 1978 3102 XXX
2002 3052 2194 3119 pulm
2223 3081 2286 3089 —
2310 3022 2536 3103 lierba.
2623 3053 2703 3103 IV

398 3121 544 3175 Non.
583 3122 795 3184 201,19
835 3119 1188 3170 coluber-
1211 3120 1471 3174 feminini.
1543 3120 1855 3172 Luc1lius
1880 3126 2186 3185 satyrarum
2210 3120 2349 3170 libro
2375 3120 2493 3169 XX.
2600 3116 2700 3186 [V]

393 3187 702 3239 Tortellius
738 3179 995 3239 chlena.
1062 3189 1236 3254 prima
1274 3203 1395 3237 cum
1420 3187 1487 3237 ch
1512 3194 1771 3254 sequente
1803 3188 1821 3237 l
1854 3193 1909 3239 et
1949 3205 2013 3239 ae
2049 3189 2386 3255 diphthongo
2425 3187 2718 3238 scribitur:

577 3365 651 3420 11
703 3380 925 3420 rausero
974 3364 1254 3433 Carolir.,
1315 3381 1535 3421 rausero
1582 3366 1786 3422 Bamb.
1862 3395 1943 3405 —
2018 3366 2219 3421 traicus
2263 3366 2563 3423 Halberst.
2625 3393 2698 3405 —

396 3449 618 3525 perdito
665 3458 815 3505 resto
861 3448 1091 3520 Bamb.,
1137 3458 1349 3505 orestae
1396 3451 1628 3523 quidam
1674 3452 1801 3507 cdd.

578 3535 612 3590 1
663 3550 938 3607 purpureo
982 3535 1266 3607 Luqdun„
1314 3528 1638 3590 Caroliruk.
1688 3541 1764 3606 et,
1808 3538 1866 3591 in
1913 3552 2094 3607 marq.
2128 3535 2286 3605 add„
2321 3533 2584 3605 Sanqall.

397 3619 437 3675 2
497 3619 778 3692 praeceiso
824 3616 908 3686 M,
934 3619 1230 3692 praetioso
1280 3617 1321 3690 (t
1367 3634 1446 3675 ea:
1475 3618 1524 3691 c)
1573 3620 1643 3691 G,
1688 3619 1991 3694 praecioso,
2037 3634 2070 3673 0
2107 3622 2314 3690 priore
2359 3626 2703 3691 compuncto

397 3704 449 3759 L
497 3703 566 3772 13
611 3702 856 3776 praeciso
904 3720 954 3759 v.
1086 3702 1122 3760 3
1169 3709 1225 3758 et
1268 3702 1352 3775 Μ,
1398 3709 1571 3777 atque
1614 3707 1698 3760 ita
1742 3703 2155 3760 Franckenius
2197 3701 2284 3774 ΙΙ,
2317 3702 2417 3774 53,
2465 3710 2527 3758 ut
2572 3705 2700 3759 cdd.

398 3793 648 3861 utroque
692 3790 844 3859 loca,
889 3788 991 3843 sed
1033 3788 1274 3844 videnda
1321 3803 1472 3861 quae
1515 3792 1713 3845 notavi
1754 3788 1940 3860 infra.
1983 3818 2068 3829 —
2114 3786 2330 3843 entibus
2362 3795 2454 3843 aut
2484 3786 2704 3861 aliquod

398 3890 459 3946 g.
506 3874 716 3942 scripti
761 3870 902 3928 137.
977 3873 1123 3928 idem
1169 3870 1291 3929 208
1336 3879 1392 3928 et
1436 3871 1509 3927 id.
1647 3871 1687 3927 4
1733 3874 1990 3946 myctyris
2036 3873 2117 3943 M,
2165 3873 2407 3946 mictyris
2454 3873 2519 3935 G,
2564 3873 2612 3928 L
2646 3872 2702 3941 1,

397 3956 617 4012 mictilis
675 3956 798 4012 edd.
856 3961 992 4012 ante
1036 3958 1160 4013 Ald.
1219 3985 1299 3997 ——
1357 3958 1436 4012 sei
1479 3958 1564 4028 M,
1611 3955 1706 4012 sed
1766 3957 1961 4029 Scal.‚
2018 3973 2077 4013 se
2129 3957 2283 4013 libri.
2352 3986 2435 3996 —-
2500 3956 2606 4012 hoc
2651 3974 2701 4012 v.

398 4047 538 4098 ante
583 4040 937 4097 Mercerum.
986 4071 1065 4081 -
1114 4047 1251 4113 post
1296 4042 1441 4097 illud
1494 4048 1578 4097 est
1624 4043 1755 4097 add.
1804 4041 1850 4098 G
1894 4043 2058 4113 meri,
2114 4043 2269 4115 quod
2310 4058 2389 4098 ea:
2431 4046 2705 4114 sequente

392 4129 665 4182 lemmate
732 4130 918 4182 ortum
984 4124 1162 4199 Luqd.
1227 4129 1448 4197 prioris
1502 4127 1845 4183 declaratur
1913 4129 2246 4198 scriptura,
2320 4129 2378 4181 in
2446 4142 2556 4198 quo
2619 4131 2704 4180 est

397 4220 660 4334 nmlzssiazz'eg
666 4296 683 4346 3
727 4281 789 4334 in
818 4278 992 4335 Harl.
1043 4280 1176 4335 meri
1221 4279 1355 4335 add.
1401 4296 1473 4334 m.
1520 4275 1578 4334 2.
1713 4277 1749 4335 5
1797 4277 2005 4334 medius
2049 4276 2186 4333 clam
2228 4277 2372 4334 Rob.
2426 4277 2703 4350 anerus,

403 4367 492 4419 vir
536 4364 920 4436 doctissimuS,
965 4366 1034 4420 cle
1096 4364 1280 4439 Valyii
1313 4366 1601 4435 poematis
1647 4362 1747 4420 82.
1924 4362 1962 4423 6
2006 4362 2311 4441 disrumpet
2352 4362 2469 4440 Dp.
