3267 5075
830 309 1361 376 QUAESTIONUM
1397 308 1956 394 LUCILIANARUM
1992 313 2225 367 LIBER.
2423 322 2673 382 XXXIX

376 482 716 541 afferuntur
743 499 781 540 a
806 480 1040 540 Donato
1075 481 1416 557 fragmenta
1450 481 1737 541 maiorem
1772 482 2008 557 partem
2042 484 2408 557 corruptelas
2433 483 2556 542 “non
2586 481 2675 543 ita

240 586 253 595 ’
377 607 599 666 graves
625 588 906 648 videntur
930 587 1200 647 traxisse.

563 711 795 773 Servii
823 712 1367 800 acPhilargyrii
1399 705 1553 793 (sive
1581 713 1632 772 is
1661 713 1779 772 fuit
1804 705 2173 793 Philagrius)
2203 719 2672 778 commentorum

380 820 864 896 Vergilianorum
881 819 1078 880 varias
1100 819 1382 879 lectiones
1406 820 1868 896 suppeditarunt
1893 821 2063 880 nobis
2086 821 2257 881 Thilo
2288 825 2350 881 et
2367 823 2669 900 Hagenus.

379 947 455 986 ex
483 927 780 987 codicibus
809 924 1108 985 Servianis
1137 946 1285 1002 quos
1314 927 1589 986 adhibuit
1616 927 1791 986 Thilo
1819 927 2115 1002 potissimi
2144 932 2286 988 sunt
2316 930 2403 989 hi:

562 1051 783 1110 Paris.
812 1051 956 1110 bibl.
984 1052 1147 1127 publ.
1181 1053 1351 1111 7929
1382 1070 1532 1110 saec.
1561 1052 1615 1109 X
1643 1053 1739 1111 vel
1767 1051 1868 1109 XI.

561 1158 786 1217 Vatic.
814 1158 1242 1236 Reginensis
1277 1159 1447 1219 1674
1482 1178 1630 1218 saec.
1660 1159 1731 1218 X.

563 1240 1076 1325 Ambrosianus
1106 1264 1169 1326 C.
1204 1267 1328 1324 157
1360 1284 1509 1326 saec.
1538 1266 1641 1325 XI.

569 1371 1032 1431 Cassellanus
1063 1391 1212 1432 saec.
1242 1373 1312 1433 X.

561 1479 1067 1555 Lugdunensis
1100 1482 1184 1540 80
1214 1499 1362 1539 saec.
1393 1480 1462 1539 X.
1697 1468 1714 1481 ”
2054 1469 2058 1473 ’
2125 1472 2180 1524 ἵ

560 1586 946 1646 Bernensis
981 1589 1104 1647 172
1135 1605 1284 1647 saec.
1314 1587 1383 1645 X.

557 1712 630 1770 In
655 1711 1020 1789 Philargyrii
1058 1712 1294 1771 scholiis
1322 1714 1562 1786 praesto
1599 1711 1767 1770 fuere
1795 1711 2078 1771 lectiones
2107 1711 2442 1773 Vaticani
2481 1718 2669 1790 3317,

376 1820 481 1895 qui
510 1822 606 1878 est
623 1821 783 1878 saec.
810 1818 912 1878 XI.

408 1999 425 2009 -
556 1925 654 1984 Ad
684 1926 1051 1985 emendanda
1087 1945 1159 1984 ea
1184 1945 1337 2003 quae
1364 1929 1641 2001 prostant
1665 1925 1729 1984 in
1766 1926 2064 1985 scholiis
2102 1927 2334 1985 Persii
2370 1928 2540 1988 nobis
2570 1931 2670 1988 ad-

375 2034 545 2091 fuere
565 2033 847 2093 lectiones
877 2033 1144 2092 codicis
1172 2033 1621 2093 Monacensis
1652 2033 1865 2091 14482
1889 2033 2124 2093 saeculo
2143 2034 2228 2091 XI
2249 2034 2676 2116 scriptizquem·

374 2139 600 2198 Halmii
636 2139 807 2199 nobis
836 2140 1236 2200 commodavit
1259 2138 1536 2219 amicitia.
1593 2158 1736 2199 sane
1763 2139 1814 2198 is
1841 2139 1995 2198 liber
2029 2139 2279 2217 insignis
2312 2141 2580 2201 bonitate
2609 2146 2672 2202 et

373 2247 623 2306 editioni
650 2246 900 2321 principi
929 2265 1108 2321 quam
1139 2246 1296 2306 docti
1323 2266 1459 2304 cum
1484 2246 1690 2323 magni
1717 2245 1983 2305 facerent
2009 2248 2210 2305 tamen
2232 2267 2447 2323 parum
2471 2268 2670 2326 respe-

374 2355 593 2412 xerunt
610 2353 772 2411 haud
796 2353 1101 2427 absimiliS,
1132 2353 1451 2412 admodum
1480 2353 1646 2413 utilis
1676 2356 1747 2411 ut
1772 2354 2011 2412 futurus
2043 2352 2123 2411 sit
2149 2353 2219 2427 ei,
2250 2373 2427 2429 quem
2456 2357 2668 2432 cupido

373 2460 688 2519 incesserit
724 2460 947 2520 scholia
972 2461 1117 2520 haec
1154 2479 1192 2519 a
1226 2460 1434 2528 Iahnio
1462 2460 1795 2522 incredibili
1833 2460 2103 2520 socordia
2131 2460 2340 2519 habita
2365 2461 2427 2519 in
2453 2463 2668 2522 melius

372 2569 494 2627 iam
512 2567 826 2644 refingere.
850 2600 925 2638 ÷
952 2570 1204 2628 alteram
1225 2569 1585 2629 scholiorum
1610 2568 1803 2628 Persii
1828 2569 2238 2627 membranam
2258 2572 2320 2627 et
2338 2569 2532 2645 ipsam
2551 2573 2670 2630 edi-

373 2675 523 2735 tioni
542 2674 796 2752 principi
817 2675 963 2735 satis
984 2675 1239 2734 similem
1260 2679 1323 2735 et
1341 2676 1576 2735 saeculo
1596 2674 1650 2733 X
1670 2694 1790 2735 non
1807 2675 2213 2748 recentiorem,
2237 2675 2289 2732 B
2301 2695 2554 2736 ernens
2566 2697 2669 2736 em

376 2784 503 2841 265
526 2783 1017 2842 commonstravit
1051 2782 1222 2842 nobis
1250 2782 1554 2859 Hagenus.
1606 2782 1710 2841 sed
1737 2782 1800 2840 in
1826 2782 1933 2840 illa
1959 2784 2030 2840 ut
2054 2781 2176 2840 alia
2199 2783 2394 2840 multa
2411 2782 2500 2842 ita
2515 2802 2669 2860 quae

374 2909 445 2948 ex
472 2888 706 2950 Lucilio
733 2890 810 2949 ad
836 2889 883 2963 I,
917 2891 1001 2979 27ι
1029 2890 1331 2966 adscripta
1355 2891 1642 2966 leguntur
1666 2908 1785 2948 non
1813 2906 2212 2963 comparuere.

552 3015 626 3073 In
665 3014 1031 3075 Lactantii
1066 3015 1514 3075 institutionum
1549 3013 1720 3073 libris
1748 3014 2033 3073 lectiones
2062 3012 2328 3073 codicum
2364 3015 2671 3074 Bononi-

373 3123 567 3182 ensis
597 3121 751 3183 saec.
778 3122 928 3182 VHI
955 3142 1022 3181 ac
1050 3122 1542 3193 Parisinorum
1574 3122 1744 3180 1663
1774 3122 1837 3179 et
1869 3121 2054 3193 1662,
2086 3138 2157 3177 ex
2185 3120 2400 3195 quibus
2429 3121 2523 3180 hic
2551 3122 2668 3196 pri-

370 3250 539 3290 mum
558 3231 797 3288 tantum
815 3230 1035 3288 librum
1057 3229 1335 3302 continet,
1365 3247 1514 3287 saec.
1544 3229 1671 3286 fere
1689 3227 1791 3301 IX,
1820 3226 1884 3284 in
1902 3227 2158 3301 epitome
2176 3226 2316 3285 libri
2335 3226 2494 3285 unici
2513 3227 2668 3286 'Rau-

372 3337 628 3396 rinensis
658 3355 808 3397 saec.
838 3335 957 3393 VII
983 3335 1081 3397 vel
1108 3335 1258 3394 VIII
1286 3335 1748 3410 suppeditarunt
1774 3333 2201 3415 Laubmannus
2230 3335 2293 3391 et
2319 3332 2611 3393 Halmius
2645 3355 2655 3366 ·

554 3460 842 3536 Superest
869 3463 938 3519 ut
963 3460 1224 3520 rationes
1251 3459 1486 3519 criticas
1514 3457 1874 3518 recensionis
1902 3457 2079 3515 huius
2108 3475 2416 3532 exponam.

552 3585 751 3662 Igitur
804 3586 1062 3662 primum
1108 3585 1372 3644 omnium
1425 3583 1685 3642 maxima
1727 3602 1824 3641 me
1869 3600 2006 3641 cum
2054 3601 2198 3640 cura
2241 3582 2548 3642 rettulisse
2595 3585 2669 3643 de

376 3694 676 3769 scriptura
710 3693 1041 3769 antiquitus
1070 3687 1295 3751 tradita
1321 3691 1481 3750 omni
1516 3690 1765 3767 pignore
1794 3689 2045 3748 affirmo.
2101 3689 2175 3748 de
2207 3708 2327 3765 qua
2353 3688 2405 3748 si
2432 3690 2669 3764 quando

375 3801 573 3860 minus
603 3803 907 3860 constaret
933 3799 1120 3873 nobiS,
1158 3798 1219 3858 id
1247 3798 1352 3857 ubi
1378 3798 1702 3857 interesset
1727 3796 1906 3871 nosci,
1946 3795 2153 3855 sedulo
2180 3795 2462 3872 indicavi3
2490 3796 2554 3854 in
2579 3815 2669 3855 re-

377 4014 787 4083 distinctiones
823 4014 888 4073 in
923 4014 1182 4091 antiquis
1217 4013 1388 4072 libris
1416 4010 1594 4073 Nonii
1633 4014 1695 4071 et
1720 4011 2086 4087 reliquorum
2113 4009 2271 4069 haud
2304 4028 2441 4068 raro
2468 4008 2668 4086 negle-

376 4125 500 4183 ctas
527 4123 628 4183 vel
657 4140 828 4181 secus
855 4123 1062 4195 factas,
1095 4119 1450 4197 praesertim
1477 4118 1581 4178 ubi
1609 4117 1838 4178 Graeca
1863 4116 2156 4178 vocabula
2180 4115 2670 4189 admiscerentur,

377 4230 595 4307 ubique
623 4228 839 4304 putida
873 4227 1184 4304 diligentia
1209 4245 1539 4286 memorare
1576 4224 1835 4285 sustinui
1872 4228 1935 4284 et
1961 4223 2323 4284 Graecorum
2354 4222 2667 4282 vocabulo-

376 4357 509 4397 rum
534 4337 810 4398 monstra
836 4355 989 4413 quae
1014 4334 1239 4412 passim
1266 4333 1648 4411 reperiuntur
1673 4333 1737 4390 in
1761 4331 1931 4391 libris
1952 4330 2129 4391 Gellii
2157 4348 2225 4389 ac
2252 4327 2432 4389 Nonii
2459 4328 2562 4387 ubi
2589 4329 2666 4388 de
