3267 5075
562 400 572 408 ‘
659 393 744 457 84
1579 391 1797 448 LIBER
1835 393 2029 447 XXVI.

1598 554 1744 619 XLI
1792 558 1931 636 [61]
1955 579 1993 620 o

837 674 1173 757 coniugem
1209 672 1615 755 infidamque,
1652 671 1933 735 flacitam
1969 667 2298 754 familiam,
2334 672 2631 754 inpuram
2670 671 2968 736 domum.

990 785 995 790 ⁴
1468 839 1477 844 .
1580 785 1761 850 XLII
1810 786 1948 867 [48]
1980 809 2022 869 p

704 905 792 969 50
838 913 1008 967 nunc
1053 902 1427 987 ignobilitas
1473 901 1576 965 his
1630 902 1893 984 mirum,
1949 904 2227 966 taetrum
2276 924 2351 965 ac
2397 904 2969 969 monstrificabile.

1562 1015 1774 1080 XLIII
1822 1017 1959 1098 [37]
1991 1040 2032 1101 q

838 1135 995 1198 haec
1038 1137 1111 1197 tu
1159 1134 1212 1197 si
1259 1133 1433 1197 voles
1479 1154 1593 1215 per
1640 1131 1812 1196 auris
1861 1136 2081 1215 pectus
2128 1132 2481 1217 inrigarier.

1465 1245 1675 1311 XLIV
1723 1247 1869 1327 [inc.
1918 1248 2030 1328 69]
2058 1247 2138 1310 r*

836 1386 1151 1449 quaenam
1187 1384 1312 1427 vox
1349 1384 1426 1427 ex
1461 1365 1589 1426 tete
1617 1384 1929 1426 resonans
1966 1384 2110 1426 meo
2149 1362 2351 1447 gradu
2388 1384 2710 1427 remoram
2747 1365 2967 1431 facit?

1608 1475 1786 1542 XLV
1833 1479 1926 1559 [7]
1959 1500 1997 1541 a

839 1600 907 1659 at
950 1594 1281 1659 Romanus
1325 1595 1599 1679 populus
1647 1594 1853 1658 victus
1899 1594 2024 1677 vei,
2073 1597 2407 1678 superatus
2452 1594 2717 1677 proeliis

839 1714 1094 1794 saepest
1137 1711 1356 1774 multis
1366 1760 1384 1793 ,
1430 1710 1598 1773 bello
1646 1731 1797 1773 vero
1843 1731 2222 1793 numquam,
2270 1731 2396 1793 quo
2445 1712 2598 1773 sunt
2644 1711 2894 1775 omnia.

1570 1823 1780 1889 XLVI
1827 1824 1965 1905 [24]
1995 1825 2037 1888 b

709 1942 796 2006 55
843 1945 1068 2006 contra
1112 1940 1429 2026 flagitium
1474 1940 1718 2004 nescire
1765 1940 2030 2024 bellum,
2077 1940 2245 2003 vinci
2293 1962 2332 2004 a
2375 1939 2654 2005 barbaro

839 2054 1117 2141 viriato,
1161 2055 1483 2119 Annibale
1535 2104 2062 2125 .........

1533 2168 1776 2233 XLVII
1824 2168 1963 2250 [56]
1995 2193 2081 2234 coc

839 2308 1142 2372 percrepa
1185 2306 1471 2371 pugnam
1517 2284 1752 2369 Popili,
1798 2284 1971 2348 facta
2017 2283 2274 2350 Corneli
2320 2307 2495 2350 cane.

2717 1943 2748 1952 φ

664 2448 789 2497 XLI
843 2447 978 2497 Non.
1017 2448 1136 2507 324,
1169 2448 1202 2496 9
1255 2446 1535 2510 inpurus
1580 2449 1666 2495 est
1719 2444 1906 2509 aliquo
1951 2445 2091 2495 vitio
2139 2444 2455 2495 maculatus.
2523 2444 2598 2495 M.
2633 2444 2857 2497 Tullius
2898 2479 2969 2488 -

664 2515 977 2566 Lucilius
1001 2514 1093 2565 lib.
1119 2513 1316 2565 XXVI.
1409 2513 1566 2563 XLII
1615 2513 1755 2563 Non.
1786 2514 1897 2575 138,
1922 2516 1988 2563 25
2022 2512 2601 2564 monstrificabile
2637 2513 2968 2566 Lucilius

664 2585 760 2636 lib.
784 2583 985 2636 XXVI.
1071 2582 1255 2633 XLIII
1301 2583 1345 2632 N
1352 2597 1440 2634 on.
1464 2583 1581 2642 497,
1609 2583 1671 2630 17
1709 2581 2055 2631 accusativus
2081 2581 2166 2632 vel
2191 2582 2557 2635 nominativus
2583 2598 2680 2646 pro
2705 2582 2967 2634 ablativo

664 2678 731 2688 —-
753 2651 1057 2702 Lucilius
1083 2649 1481 2715 (satyrarum
1507 2647 1625 2698 add.
1645 2647 1708 2706 G,
1730 2664 1838 2699 non
1865 2648 1910 2697 L
1935 2651 1979 2709 1,
2002 2649 2208 2712 Βηῐιὼ.,
2227 2652 2273 2701 L
2296 2648 2349 2714 2)
2370 2648 2462 2699 lib.
2483 2648 2683 2701 XXVI.
2776 2650 2966 2701 XLIV

663 2719 870 2770 Paulus
892 2720 993 2769 276
1028 2717 1363 2781 remeligines
1391 2722 1446 2766 et
1471 2731 1771 2766 remorae
1796 2731 1830 2764 a
1854 2715 2111 2765 morando
2134 2715 2333 2766 dictae.
2391 2716 2627 2766 Plautus
2651 2743 2716 2752 —
2744 2722 2801 2766 et
2838 2718 2965 2768 Lu-

667 2787 888 2839 cilius,
959 2786 1155 2837 Festus
1191 2788 1290 2836 277
1326 2783 1670 2847 remeligines·
1705 2788 1761 2832 et
1797 2798 2094 2833 remorae
2128 2799 2161 2833 a
2196 2783 2512 2835 remorando
2550 2783 2656 2847 (ita
2692 2783 2760 2833 Ο.
2783 2784 2966 2836 Muel—

664 2854 841 2913 lerus,
888 2853 968 2903 cd.
1006 2866 1301 2903 remorae
1336 2850 1783 2911 memorando)
1830 2850 2006 2900 dictae
2044 2857 2172 2901 sunt
2205 2867 2238 2901 a
2273 2850 2470 2902 Plauto
2505 2879 2573 2888 --
2608 2850 2676 2900 ab
2723 2850 2965 2903 Afranio

662 2949 729 2958 —
769 2918 1045 2988 [Plautus]
1085 2946 1151 2954 —
1197 2916 1587 2984 [Lucilius].
1627 2946 1687 2953 -
1726 2933 1790 2967 ex
1829 2919 1889 2966 P.
1928 2918 2063 2969 thes.
2109 2935 2233 2973 nov,
2271 2919 2392 2971 Lat.
2434 2933 2523 2985 pg.
2558 2920 2658 2969 507
2697 2934 2966 2970 remora

666 3004 815 3038 mora
862 2988 1189 3038 Lucilius.
1229 3014 1293 3022 —
1328 2986 1398 3036 id.
1443 2988 1542 3036 355
1577 2986 1712 3036 haec
1747 3001 1954 3035 remora
1989 2987 2023 3036 i.
2061 3002 2106 3037 e.
2144 3002 2294 3036 mora
2329 3013 2394 3021 —
2430 2987 2569 3036 unde
2603 2986 2822 3038 Livius.

664 3056 815 3106 XLV
850 3057 987 3106 Non.
1008 3057 1123 3116 437,
1146 3056 1206 3105 15
1232 3054 1479 3104 bellum
1505 3058 1561 3103 et
1586 3053 1916 3118 proelium
1939 3053 2041 3105 hoc
2064 3053 2333 3117 differunt,
2362 3053 2504 3119 quod
2564 3053 2738 3103 roelia
2762 3059 2963 3119 partes

668 3130 797 3175 sunt
833 3122 983 3185 belli,
1016 3123 1119 3172 hoc
1142 3123 1309 3172 estin
1333 3120 1474 3171 bello
1500 3121 1922 3185 congressiones.
1975 3121 2291 3172 Lucilius
2330 3122 2419 3171 lib.
2455 3071 2650 3172 val.
2697 3149 2765 3157 —-
2812 3123 2962 3174 idem

663 3195 782 3255 420,
809 3194 872 3241 27
911 3192 1013 3241 vis
1039 3195 1124 3240 est
1146 3189 1285 3239 celer
1306 3190 1560 3253 impetus.
1616 3187 1930 3238 Lucilius
1957 3188 2048 3238 lib.
2074 3189 2270 3239 XXVI.
2330 3190 2654 3240 Romanus
2683 3218 2743 3226 -—
2772 3206 2962 3254 proe-

668 3260 797 3309 liis.
903 3259 1082 3308 XLVI
1139 3257 1279 3308 Non.
1318 3258 1430 3319 186,
1456 3259 1522 3306 29
1557 3256 1880 3307 viriatum
1916 3257 2118 3306 dictum
2157 3263 2244 3308 est
2279 3272 2594 3321 magnarum
2629 3258 2850 3308 virium.

665 3327 872 3378 XLVII
929 3327 1068 3381 Non.
1103 3327 1226 3389 255,
1265 3326 1298 3375 6
1344 3338 1617 3389 crepare
1653 3329 1737 3374 est
1772 3340 1984 3377 sonare.
2066 3325 2298 3376 Plautus
2333 3351 2400 3361 —
2435 3324 2716 3389 Vergilius
2752 3353 2821 3362 —-
2856 3327 2963 3376 Te·

836 3469 916 3527 49
938 3448 1191 3526 ’flacitam
1234 3468 1385 3537 Ala„
1432 3466 1658 3523 ssaticam
1698 3468 1846 3523 libri.
1895 3498 1975 3506 ——
2021 3469 2289 3541 inpuram,
2333 3471 2414 3524 ila
2446 3468 2517 3539 B,
2564 3470 2758 3542 inpura
2803 3470 2851 3526 L
2884 3471 2959 3539 13

668 3557 875 3628 impura
922 3555 982 3609 G.
1028 3584 1109 3594 -—
1154 3553 1372 3609 modum
1415 3552 1463 3608 L
1512 3552 1569 3622 1,
1618 3550 1689 3606 Β.
1865 3551 1946 3608 50
1990 3560 2221 3608 taetrum
2267 3554 2396 3609 add.
2442 3554 2523 3610 M.
2573 3584 2649 3592 —
2698 3557 2961 3610 monstri·

670 3638 870 3694 Iicabile
918 3658 991 3708 v.,
1038 3636 1407 3694 mortificabilc
1451 3638 1577 3693 cdd.
1756 3635 1831 3692 51
1880 3653 2036 3692 aures
2082 3637 2147 3692 G.
2198 3668 2274 3678 —
2320 3638 2595 3712 irrigarier
2636 3640 2805 3695 ide-m.

672 3721 749 3777 52
800 3730 907 3777 [ete
937 3723 1020 3793 M,
1067 3731 1118 3778 te
1149 3742 1231 3791 v.;
1276 3740 1373 3794 ap.
1422 3721 1656 3778 Festum
1699 3722 1847 3777 haec
1877 3729 2096 3778 tantum
2140 3730 2423 3793 superant
2462 3739 2584 3778 meo
2622 3739 2704 3796 gr.
2740 3763 2755 3778 .
2779 3763 2793 3775 .
2824 3766 2837 3778 .
2875 3754 2956 3764 ‹—

670 3822 808 3879 quae
853 3805 1133 3878 (quaenam
1180 3805 1321 3878 355)
1368 3824 1468 3863 vox
1514 3806 1727 3880 gressui
1773 3822 1892 3862 meo
1940 3822 2204 3862 remoram
2253 3807 2377 3862 facit
2420 3825 2525 3863 om.
2573 3810 2680 3863 rel.
2716 3809 2862 3864 thes.
2897 3829 2954 3865 η.

673 3891 798 3946 Lat.
933 3889 1012 3946 53
1059 3898 1112 3945 at
1156 3890 1234 3958 M,
1284 3899 1342 3945 ut
1388 3911 1463 3963 v.,
1508 3909 1615 3948 om.
1664 3891 1793 3947 cdd.
1836 3890 1981 3947 420.
2034 3920 2108 3930 —-
2158 3892 2239 3947 vei
2283 3892 2365 3961 M,
2410 3891 2493 3947 vel
2538 3892 2585 3947 L
2621 3894 2678 3963 1,
2726 3893 2773 3949 G
2805 3892 2957 3965 420,

669 3993 731 4032 ac
775 3974 861 4037 B;
904 3976 951 4029 vi
996 3982 1051 4030 et
1095 3976 1221 4031 cdd.
1266 3974 1411 4046 437,
1456 3995 1507 4033 v.
1553 4007 1637 4015 —-
1680 3975 1899 4049 procliis
1946 3978 2000 4031 B
2041 3975 2188 4048 420,
2235 3977 2279 4032 G
2311 3972 2535 4032 437·et
2580 3985 2694 4033 uer.
2725 3980 2766 4033 l.
2802 3979 2849 4033 L
2882 3979 2956 4047 13

669 4060 884 4134 praeliis
931 4060 977 4116 G
1021 4058 1165 4119 420.
1339 4059 1419 4115 54
1462 4062 1514 4115 in
1561 4078 1670 4133 quo
1718 4061 1865 4133 cdd,
1901 4076 2182 4133 praepo&
2231 4063 2339 4116 del.
2386 4061 2466 4118 M.
2626 4060 2708 4117 55
2754 4062 2957 4118 bellum

671 4146 753 4219 M,
796 4144 940 4202 bello
986 4146 1111 4201 cdd.
1288 4144 1365 4200 56
1413 4144 1647 4201 Viriatho
1690 4145 1886 4201 Lckm.
1937 4162 2132 4201 comm.
2187 4147 2361 4202 Lucr.
2409 4144 2555 4218 329,
2603 4147 2794 4203 viriato
2842 4149 2958 4205 No-

1037 4242 1202 4281 nm.2

671 4305 817 4358 nius.
864 4330 948 4339 —
991 4297 1210 4355 Anibane
1257 4300 1323 4355 e.
1455 4298 1532 4354 57
1579 4286 1751 4372 Popili
1799 4300 1879 4371 Μ,
1925 4298 2137 4372 (Popilli
2182 4300 2324 4355 Luc.
2371 4301 2457 4355 ea.
2512 4299 2704 4356 Turio.
2744 4303 2955 4378 praef.
3065 4276 3076 4283 ’

672 4384 783 4455 32;
829 4384 1024 4440 Lehm.
1072 4400 1269 4442 comm.
1315 4386 1490 4439 Lucr.
1537 4383 1704 4456 329),
1750 4383 1974 4460 Pompssi
2025 4384 2092 4455 G,
2138 4385 2183 4438 L
2233 4385 2289 4455 1,
2337 4384 2473 4442 Gen.
