3267 5075
587 377 705 437 ΧΠ
1000 366 1574 433 0οΑ3311οΝοΜ
1608 332 2172 423 LUCILIANARUM
2207 367 2444 423 unna.

586 539 626 598 1.
669 537 836 597 XXX
877 539 939 597 et
979 536 1253 624 deinceps
1304 537 1549 613 reliquis
1601 536 1811 595 eadem
1851 536 2240 596 continuaret.
2294 565 2368 576 —
2419 537 2541 595 iam
2582 537 2889 597 volumina

589 646 791 723 priora
814 645 924 704 XX
952 644 1098 721 quin
1124 645 1267 705 solis
1286 643 1647 718 hexametris
1666 643 1894 703 fuerint
1918 643 2266 719 perscripta,
2296 643 2460 703 haud
2488 644 2739 703 dubium
2766 648 2885 722 est3

589 753 744 813 liber
769 751 942 811 XXII
977 755 1086 811 aut
1109 754 1276 812 totus
1304 754 1411 811 aut
1437 770 1510 810 ex
1535 754 1709 826 parte
1738 750 2008 810 distichis
2050 751 2482 811 continebatur.
2538 751 2612 810 de
2639 753 2884 829 reliquis

592 859 744 919 nihil
778 860 923 919 certi
958 861 1210 922 constat.
1266 878 1414 936 quos
1451 857 1771 935 aliquando
1806 857 2054 918 inducor
2089 859 2161 916 111
2194 857 2434 917 credam
2470 877 2673 919 omnes
2700 859 2888 937 fuisse

594 945 855 1044 elegiaco
900 969 1092 1026 metro
1143 966 1500 1042 compositos
1548 968 1611 1030 et
1656 965 1733 1024 ob
1777 964 1841 1026 id
1884 964 2085 1041 ipsum
2129 964 2272 1040 quia
2317 964 2646 1025 duriusculi
2691 969 2894 1027 essent

593 1074 827 1134 numeri
844 1073 1118 1133 celeriter
1136 1072 1332 1131 abisse
1361 1090 1394 1130 6
1421 1071 1709 1130 11161110113.
1735 1071 2058 1130 11011111111111.
2105 1071 2207 1131 vix
2227 1072 2385 1131 enim
2403 1073 2596 1132 ausim
2625 1075 2891 1133 statuere

594 1181 781 1240 fuisse
818 1198 918 1239 eos
955 1182 1147 1239 metro
1186 1178 1473 1251 sotadicO,
1511 1178 1671 1254 quod
1708 1178 1785 1236 ab
1821 1177 2013 1237 Ennio
2043 1196 2186 1237 sane
2216 1178 2552 1238 adhibitum
2576 1180 2642 1237 in
2670 1181 2889 1240 saturis

597 1289 917 1348 abhorrere
953 1285 1193 1346 videtur
1228 1305 1265 1344 a
1301 1285 1684 1362 simplicitate
1711 1283 1943 1343 Lucilii.
2001 1285 2105 1343 sed
2142 1303 2217 1343 ne
2249 1286 2426 1345 nimis
2455 1290 2804 1362 argutemur
2829 1287 2893 1345 in

596 1414 662 1454 16
700 1395 967 1466 obscura,
1006 1392 1206 1468 potuit
1240 1392 1365 1451 3010
1404 1392 1641 1452 evenire
1678 1409 1834 1464 casu,
1878 1391 1981 1467 qui
2017 1394 2088 1450 111
2128 1392 2349 1468 ubique
2388 1393 2477 1452 ita
2512 1393 2693 1453 etiam
2728 1395 2792 1452 in
2828 1413 2893 1452 re

596 1501 893 1560 litteraria
932 1499 1259 1577 plurimum
1304 1498 1549 1574 optinet,
1596 1501 1669 1556 ut
1711 1498 1955 1574 quidam
1995 1498 2136 1557 libri
2176 1498 2469 1558 Luciliani
2509 1501 2894 1560 haurirentur

599 1608 912 1680 oblivione,
952 1606 1108 1666 sicut
1135 1625 1205 1665 ex
1232 1604 1436 1663 XVIII
1472 1605 1605 1678 duo,
1648 1624 1719 1663 ex
1744 1604 1918 1664 XXII
1953 1604 2072 1664 tria
2106 1605 2447 1682 fragmenta
2479 1607 2619 1665 libri
2646 1626 2893 1667 numero

597 1715 886 1790 insignita
912 1714 988 1772 ad
1016 1732 1123 1775 1103
1152 1714 1567 1788 pervenerunt.
1618 1711 1769 1770 illud
1796 1713 1998 1771 tamen
2026 1713 2235 1788 quovis
2273 1713 2522 1789 pignore
2557 1716 2760 1789 potest
2795 1715 2895 1772 ad-

600 1821 828 1880 firmari
852 1820 1022 1878 libris
1051 1838 1088 1878 a
1114 1819 1255 1877 XXI
1282 1817 1359 1877 ad
1386 1817 1553 1876 XXV
1580 1817 1869 1877 contineri
1903 1818 2118 1894 prioris
2147 1818 2258 1878 hoc
2287 1822 2381 1877 est
2408 1819 2735 1896 dactylicae
2763 1839 2896 1897 par-

600 1928 680 1987 tis
722 1930 1064 1987 saturarum
1100 1926 1315 1985 Lucilii
1350 1925 1546 1998 finem,
1589 1925 1833 1983 minime
1868 1925 2106 1983 initium
2143 1926 2408 2000 alteriuS,
2455 1946 2608 2003 quae
2645 1927 2895 1988 diversis

602 2034 916 2094 constabat
939 2033 1220 2092 numeris.

782 2139 1033 2217 Singula
1066 2138 1331 2198 carmina
1364 2137 1582 2197 Lucilii
1617 2138 1869 2216 singulis
1908 2141 2180 2199 constare
2215 2140 2423 2200 metris
2460 2141 2563 2201 vix
2592 2141 2899 2202 videretur

605 2266 754 2323 opus
799 2266 1057 2319 monere,
1104 2246 1221 2305 nisi
1265 2264 1456 2323 nuper
1500 2245 1786 2305 Varronis
1835 2248 2177 2305 saturarum
2223 2249 2492 2324 exemplo
2540 2252 2701 2308 esset
2746 2267 2899 2309 com-

606 2354 923 2430 probatum
964 2354 1113 2411 nihil
1149 2356 1274 2413 tam
1309 2353 1510 2428 inepte
1547 2352 1662 2411 dici
1699 2355 1761 2411 et
1796 2353 2033 2426 absone,
2071 2355 2230 2429 quod
2264 2374 2384 2414 non
2419 2331 2685 2416 inveniat
2720 2355 2900 2414 fidem

590 2461 767 2543 ⁰apud
795 2461 1033 2519 multos,

784 2568 922 2645 Ipse
950 2568 1215 2627 Lucilius
1251 2567 1397 2644 quin
1423 2567 1688 2626 numeris
1726 2567 2066 2626 distinxerit
2090 2568 2395 2628 volumina
2409 2618 2416 2625 .
2430 2569 2669 2646 singula
2694 2569 2901 2628 carmi-

608 2692 754 2734 num
783 2675 938 2734 sicut
964 2652 1104 2735 ante
1133 2694 1269 2735 eum
1293 2674 1521 2732 Ennius
1549 2679 1670 2733 ison
1696 2677 1899 2750 potest
1925 2675 2204 2734 dubitari.
2250 2695 2426 2751 porro
2456 2676 2508 2735 si
2534 2675 2902 2735 Lachmanni

609 2783 903 2858 receperis
941 2783 1430 2854 emendationem,
1472 2799 1626 2858 quae
1661 2781 1809 2839 mihi
1844 2781 2090 2857 quidem,
2118 2782 2359 2842 videtur
2392 2782 2736 2858 probabilis,
2772 2783 2902 2858 ipse

611 2889 861 2949 diversis
897 2889 1264 2964 temporibus
1293 2887 1589 2963 duplicem
1627 2891 1969 2959 saturarum
1997 2888 2318 2947 editionem
2353 2888 2641 2962 instituit,
2680 2892 2912 2948 utram-‚

611 3015 727 3072 que
744 2995 1038 3054 munitam
1057 2994 1417 3070 prohoemiO,
1455 3014 1711 3071 quarum
1737 2995 1901 3070 prior
1927 2995 2189 3071 quinque
2194 2995 2583 3070 posteriores,
2611 2996 2905 3071 posterior

612 3102 829 3179 viginti
854 3102 1115 3177 quinque
1141 3101 1369 3176 priores
1397 3101 1893 3176 complecteretur
1917 3102 2121 3161 libros.
2175 3101 2296 3160 iam
2322 3105 2529 3161 utrum
2553 3103 2682 3178 ipse
2710 3122 2789 3161 an
2816 3121 2905 3161 se-

613 3209 851 3285 quentis
879 3209 1011 3268 aevi
1038 3207 1414 3286 grammatici
1449 3208 1566 3267 duo
1592 3208 1716 3280 ista
1740 3207 2046 3268 volumina
2079 3207 2381 3268 iunxerint
2406 3212 2478 3267 ut
2502 3210 2729 3284 priores
2758 3213 2905 3268 tem-

613 3335 757 3393 pore
782 3315 924 3374 libri
951 3316 1153 3375 ordine
1182 3314 1396 3373 fierent
1412 3313 1772 3390 posteriores
1802 3315 1915 3373 etsi
1941 3334 2062 3375 non
2087 3314 2229 3373 licet
2247 3315 2495 3389 definiri,
2524 3317 2676 3376 illud
2703 3320 2906 3376 tamen

614 3423 775 3481 haud
795 3422 1053 3481 absurde
1073 3424 1375 3481 statuetur
1401 3421 1477 3481 ob
1505 3421 1568 3479 id
1593 3421 1792 3496 ipsum
1811 3420 2109 3481 trochaica
2127 3424 2191 3480 et
2207 3422 2475 3497 iambica,
2505 3443 2657 3500 quae
2684 3424 2907 3482 librum

614 3529 781 3587 XXX
807 3532 1069 3601 traxere,
1096 3529 1160 3587 in
1186 3529 1408 3588 calcem
1443 3528 1709 3604 sylloges
1738 3546 1868 3587 esse
1896 3528 2174 3602 coniecta,
2203 3530 2345 3605 quia
2371 3531 2563 3607 magis
2596 3531 2907 3607 magisque

612 3636 922 3711 optinente
951 3635 1149 3695 studio
1167 3638 1495 3695 metrorum
1512 3635 1863 3710 graecanica
1888 3637 2019 3695 arte
2046 3636 2344 3695 cultorum
2369 3637 2476 3704 illa
2501 3638 2698 3696 minus
2726 3638 2909 3714 digna

615 3726 963 3805 viderentur
988 3742 1340 3819 cognitione.

612 3853 617 3859 ’
798 3845 1078 3907 Ceterum
1123 3847 1339 3907 Lucilii
1392 3848 1750 3908 auctoritate
1794 3852 2094 3926 permotos
2151 3850 2528 3926 sequentium
2571 3854 2909 3928 temporum

621 3954 887 4014 satiricos
934 3954 1276 4029 Horatium,
1329 3955 1624 4029 Persium,
1674 3956 2043 4028 Iuvenalem,
2091 3954 2435 4067 Sulpiciam,
2484 3959 2743 4035 reliquos
2790 3977 2909 4017 uno

619 4080 758 4121 usos
787 4080 919 4121 esse
945 4063 1291 4121 hexametro
1320 4062 1612 4139 dactylico
1641 4063 1785 4122 alibi
1811 4063 2030 4122 monui.
