3267 5075
642 340 765 404 118
1565 337 1785 391 LIBER
1822 336 1992 389 m.

1601 499 1699 563 ΠΙ
1748 497 1884 585 [31]
1915 523 1948 563 c

816 622 879 681 et
925 641 1040 681 sua
1085 617 1436 700 perciperet
1481 619 1654 679 retro
1700 615 1947 680 rellicta.
1992 616 2199 678 iacere

1606 747 1701 811 IV
1751 745 1888 833 [29]
1921 749 1961 810 d

822 871 884 930 et
932 867 1070 931 sola
1113 889 1190 928 ex
1237 866 1456 929 multis
1503 886 1675 928 nunc
1720 867 1943 926 nostra
1989 866 2289 946 poemata
2336 863 2504 927 ferri.

1625 995 1690 1060 V
1737 994 1873 1082 [15]
1907 1020 1946 1060 a

731 1119 774 1181 5
822 1161 1529 1184 „„„„„„„„„„„„
1582 1113 1787 1176 sicubi
1834 1112 1916 1175 ad
1963 1113 2136 1175 auris

824 1231 997 1294 fama
1040 1231 1219 1291 tuam
1264 1249 1552 1312 pugnam
1598 1228 1852 1291 claraus
1900 1228 2117 1290 adlata
2161 1227 2454 1291 dicasset.

1608 1359 1703 1424 VI
1750 1357 1885 1447 [92]
1915 1362 1958 1424 b

824 1477 1042 1547 multis
1088 1475 1244 1540 indu
1288 1477 1447 1540 locis
1494 1475 1880 1540 sermonibu’
1927 1477 2474 1540 concelebrarunt.
2569 1564 2572 1568 .

1599 1609 1729 1673 VII
1778 1606 1911 1695 [24]
1943 1632 1976 1673 c

825 1729 1101 1810 quantas
1148 1747 1398 1808 quoque
1442 1727 1636 1789 modo
1682 1735 1981 1788 erumnas
2028 1729 2431 1808 quantosque
2476 1726 2738 1790 labores

827 1841 1181 1904 exanclatis
1233 1890 1633 1909 ccccccc
1656 1900 1698 1910 ..
1722 1891 1759 1908 υ
1782 1891 1818 1908 c
1841 1903 1882 1910 -
1907 1893 1944 1910 υ

1581 1972 1741 2036 VIII
1790 1970 1925 2058 [40]
1956 1972 1997 2035 d

706 2092 789 2154 10
835 2092 900 2153 et
946 2111 1135 2152 saevo
1183 2111 1254 2152 ac
1303 2089 1460 2151 duro
1507 2089 1575 2151 in
1620 2088 1790 2151 bello
1837 2089 2041 2151 multo
2088 2087 2367 2169 optimus
2412 2089 2638 2153 hostis

1616 2219 1710 2283 IX
1759 2217 1892 2307 [58]
1925 2244 1959 2283 e
2488 2298 2492 2302 ι

831 2341 988 2404 haec
1032 2336 1272 2402 virtuti’
1316 2340 1465 2399 tuae
1511 2339 1703 2420 atque
1750 2337 1907 2400 artis
1952 2340 2371 2400 monumenta
2415 2339 2734 2404 locantur.

1648 2469 1708 2532 X
1758 2467 1891 2557 [36]
1925 2470 1956 2533 f

836 2590 890 2652 si
935 2589 1125 2652 liceat
1169 2588 1375 2652 facere
1422 2591 1488 2650 et
1530 2588 1662 2650 iam
1706 2586 1830 2650 hoe
1874 2585 2146 2650 versibu’
2193 2586 2453 2672 reddere
2501 2589 2674 2671 quod
2722 2589 2828 2653 do.

660 2856 803 2919 (lib.
842 2855 1011 2902 XXX
1050 2871 1151 2903 om.
1187 2854 1270 2916 A).
1478 2854 1560 2902 ΙΙΙ
1620 2854 1757 2902 Non.
1794 2856 1912 2913 326,
1951 2856 2016 2900 32
2070 2854 2248 2901 iacet
2294 2853 2473 2902 sordet
2517 2854 2804 2905 neclectus
2852 2861 2950 2905 est.

665 2922 967 2973 Lucilius
1006 2922 1330 2982 (Licilius
1367 2924 1413 2969 L
1453 2921 1502 2983 1)
1539 2921 1629 2973 lib.
1669 2921 1842 2969 XXX.
1946 2921 2024 2969 IV
2083 2921 2224 2969 Non.
2262 2924 2377 2980 303,
2404 2923 2467 2969 19
2504 2920 2671 2971 ferre
2709 2922 2952 2972 laudare.

667 2990 973 3039 Lucilius
1011 2990 1106 3038 lib.
1132 2990 1285 3037 XXX
1321 2988 1453 3050 (XX
1491 2993 1552 3037 ut
1578 2989 1682 3038 vid.
1709 2988 1790 3052 B).
1897 2991 1940 3036 V
1988 2989 2125 3037 Non.
2163 2990 2280 3048 287,
2305 2991 2370 3037 28
2406 2988 2651 3052 dicare,
2691 2991 2954 3051 indicare,

663 3059 935 3108 nuntiare.
995 3056 1300 3106 Lucilius
1337 3057 1429 3106 lib.
1456 3056 1627 3103 XXX.
1733 3056 1810 3106 VI
1863 3057 2001 3105 Non.
2029 3059 2143 3115 ²274,
2168 3060 2233 3105 33
2269 3056 2740 3106 concelebrare
2777 3058 2953 3107 divul-

663 3141 790 3190 gare
838 3124 1225 3186 (divulgare
1262 3126 1377 3174 sive
1415 3124 1765 3173 diffamare
1805 3124 2056 3188 LipsiuS,
2092 3123 2426 3172 diuamare
2461 3122 2638 3187 libri),
2673 3125 2886 3175 dictum
2923 3142 2953 3173 a

665 3194 997 3246 celebritate.
1070 3191 1379 3241 Lucilius
1414 3191 1507 3240 lib.
1545 3191 1717 3239 XXX.
1821 3192 1927 3242 V11
1986 3192 2120 3239 Non.
2157 3193 2274 3251 292,
2311 3194 2339 3240 7
2378 3191 2749 3241 exanclare
2786 3189 2954 3243 etiam

664 3261 935 3324 significat
968 3261 1193 3325 perpeti.
1268 3260 1477 3308 Ennius
1515 3286 1577 3293 —
1615 3258 1814 3308 Accius
1840 3258 2075 3308 —idem
2113 3286 2173 3293 —
2213 3258 2514 3307 Lucilius
2552 3258 2644 3308 lib.
2672 3260 2850 3309 XXX.

666 3329 799 3377 VIII
855 3329 993 3378 Non.
1031 3330 1146 3391 388,
1194 3332 1250 3377 13
1289 3342 1549 3377 saevum
1584 3327 1785 3375 dicitur
1820 3327 2025 3376 inmite.
2096 3326 2369 3389 Vergilius
2407 3355 2471 3363 —
2510 3326 2824 3378 Lucilius
2861 3329 2951 3380 lib.

665 3396 833 3443 XXX.
875 3424 934 3431 —
972 3397 1114 3445 idem
1150 3399 1266 3457 285,
1305 3398 1336 3443 4
1371 3395 1571 3444 durus
1607 3410 1830 3444 nocens.
1902 3394 2177 3457 Vergilius
2216 3420 2270 3428 —-
2314 3394 2617 3443 Lucilius
2657 3394 2749 3445 lib.
2776 3396 2952 3445 XXX.

832 3464 911 3512 IX
969 3464 1106 3514 Non.
1144 3467 1259 3526 340,
1295 3467 1361 3512 20
1407 3463 1633 3511 locare
1672 3463 2015 3512 constituere.
2087 3462 2359 3525 Vergilius
2400 3488 2458 3495 —-
2501 3462 2812 3513 Lucilius
2861 3464 2951 3513 lib.

667 3530 837 3579 XXX.
944 3531 993 3578 X
1052 3531 1187 3582 Non.
1225 3535 1339 3593 278,
1379 3534 1444 3580 29
1482 3531 1583 3591 da,
1619 3530 1725 3579 dic.
1794 3529 2073 3593 Vergilius
2114 3556 2176 3564 —
2214 3531 2501 3579 Terentius
2536 3556 2602 3563 —
2640 3529 2953 3581 Lucilius

841 3785 877 3840 3
958 3787 1233 3857 percipere
1303 3795 1449 3841 retro
1522 3786 1707 3842 relicta
1775 3789 1901 3841 cdd.
1982 3729 2324 3874 (reuigfri'ihll.
2358 3784 2444 3859 1);
2498 3801 2652 3840 corr.
2689 3786 2953 3843 Gulielm.

844 3901 880 3957 5
928 3904 1069 3957 auris
1116 3922 1193 3973 v.‚
1238 3905 1351 3958 auri
1398 3907 1523 3960 cdd.
1660 3905 1695 3961 6
1742 3904 1934 3959 claram
1978 3907 2143 3973 idem,
2189 3902 2393 3958 claraus
2441 3903 2688 3973 Lipsius.
2733 3934 2821 3944 —-
2866 3904 2956 3958 ad-

668 3989 774 4045 lata
822 3987 1119 4058 Gifanius,
1176 3985 1400 4041 adlatam
1447 3990 1529 4057 B,
1575 3989 1620 4043 L
1670 3990 1738 4060 1,
1786 3989 1955 4059 Gen.,
2004 3988 2202 4043 illatam
2249 3988 2328 4051 G,-
2383 3986 2522 4041 alata
2576 3988 2826 4057 Lipsius.
2877 4018 2953 4027 -·

672 4073 901 4129 dicasset
944 4075 1001 4128 in
1048 4087 1169 4126 ras.
1219 4071 1322 4133 B.,·
1365 4072 1578 4126 dicassit
1623 4074 2031 4129 Franckenius
2075 4074 2159 4143 II,
2204 4072 2309 4143 48,
2493 4071 2530 4127 8
2575 4087 2833 4143 erumnas
2883 4074 2955 4144 B,

675 4176 786 4213 non
835 4158 901 4228 G,
949 4156 994 4210 L
1042 4157 1096 4211 1.
1143 4185 1226 4195 —
1272 4164 1513 4228 quotque
1557 4157 1669 4227 Dp.
1847 4158 1924 4213 10
1971 4164 2029 4212 ut
2069 4175 2181 4227 pro
2227 4173 2288 4211 ac
2329 4160 2368 4211 l.
2419 4155 2560 4211 285.
2697 4157 2774 4211 11
2824 4158 2958 4213 haec

675 4243 875 4297 virtuti’
924 4250 1046 4296 tuae
1092 4249 1253 4313 atque
1298 4242 1360 4295 M
1404 4239 1545 4309 439,
1594 4242 1806 4297 virtutis
1852 4244 1981 4297 haec
2028 4250 2148 4296 tuae
2180 4243 2305 4297 cdd.
2444 4240 2518 4295 12
2565 4250 2619 4296 et
2665 4243 2766 4296 iam
2817 4262 2865 4299 v.
2900 4259 2952 4296 c.

678 4326 927 4396 Dousae,
972 4326 1129 4380 stiam
1177 4329 1277 4384 rel.
2660 4321 2668 4329 '

735 4696 1239 5057 L}
1510 4583 3164 5057 ‘L‡
