3267 5075
1314 366 1532 421 LIBER
1570 366 1715 421 VIlI.
2574 358 2656 420 41

1213 528 1309 593 VI
1356 530 1502 609 [inc.
1556 530 1706 608 164]
1739 525 1812 605 θ’

544 647 784 711 Amob.
840 646 979 710 adv.
1034 646 1328 709 nationes
1383 642 1447 707 II
1457 695 1473 726 ‚
1529 644 1602 708 2:
1679 643 1828 726 quia
1889 641 2198 706 fornicem
2261 638 2662 702 Lucilianum

353 763 883 849 (Lucialinum
923 762 1015 825 cd.
1053 760 1274 843 Paris,
1303 758 1828 824 Caecilianum
1856 754 2200 839 Meursius)
2238 757 2303 817 et
2337 752 2661 835 Marsyam

349 878 682 962 Pomponi
729 878 1144 962 obsignatum
1190 875 1500 940 memoria
1544 873 1889 938 continetis
1929 910 2013 917 -—
2051 871 2286 936 ideireo
2333 891 2448 934 vos
2496 868 2660 932 arbi-

350 993 627 1058 tramini
673 994 833 1058 seire
889 992 1041 1077 quid
1098 992 1182 1054 sit
1235 991 1497 1074 falsum,
1553 989 1706 1074 quid
1760 1009 2008 1071 verum,
2063 987 2216 1072 quid
2272 985 2410 1048 fieri
2458 985 2664 1068 possit

352 1113 475 1174 aui,
517 1132 655 1174 non
697 1109 923 1193 possit,
969 1129 1131 1193 quae
1176 1107 1453 1171 imorum
1500 1125 2022 1189 summorumque
2067 1105 2300 1167 natura
2346 1100 2472 1165 sit?

1318 1265 1447 1332 VH
1529 1267 1606 1330 18
1668 1289 1710 1328 α

537 1383 710 1448 Non.
749 1386 853 1468 81,
891 1385 932 1448 2
977 1384 1158 1467 buaS‚
1203 1386 1427 1466 potum
1474 1268 1894 1465 ([po{]·‚ionem
1941 1380 2277 1463 positum
2315 1376 2480 1460 odd.)
2520 1399 2661 1460 par-

349 1501 676 1564 vulorum.
767 1499 975 1564 Varro
1023 1536 1107 1545 ——
1154 1497 1435 1562 Lucilius
1489 1497 1599 1561 lib.
1646 1495 1831 1578 vm,
1887 1518 2031 1560 eum
2088 1495 2451 1558 vinulentas
2499 1493 2661 1556 diee-

348 1619 458 1680 ret
502 1615 627 1699 (ita
662 1614 903 1699 IuniuS,
951 1614 1284 1678 disceret
1321 1612 1587 1698 scripti),
1632 1612 1930 1676 vinibuas
1977 1609 2321 1695 (vinibus
2358 1607 2410 1672 L
2440 1607 2509 1689 2)
2556 1607 2658 1670 de-

351 1730 648 1816 signavit
692 1729 948 1815 (melius
997 1728 1157 1795 Seal.
1204 1751 1255 1794 c.
1302 1752 1358 1793 v.
1406 1728 1878 1813 designaret,
1925 1725 2282 1790 vinibuas
2328 1721 2567 1806 dixit).

1298 1887 1460 1952 VHI
1504 1889 1646 1970 [16]
1676 1890 1720 1970 β

537 2054 1250 2077 ............
1304 2004 1551 2089 gigeria
1593 2003 1819 2067 insunt

403 2122 490 2186 10
540 2120 675 2184 sive
722 2120 878 2185 adeo
924 2120 1184 2205 hepatia
1229 2166 1900 2191 „„„„„„„„„„„„

1328 2268 1422 2333 IX
1468 2271 1608 2350 [11]
1640 2293 1682 2351 ν

534 2386 883 2471 pistrinum
931 2386 1320 2469 adpositum,
1365 2385 1712 2470 posticum,
1758 2384 1944 2468 cella,
1990 2383 2219 2448 culina.

1372 2536 1434 2602 x
1480 2538 1649 2619 [sm

539 2655 766 2720 sallere
812 2676 1141 2739 murenas,
1186 2676 1461 2719 mercem
1507 2654 1577 2718 in
1620 2653 1932 2739 frigdaria
1974 2653 2157 2717 ferre.

1390 2804 1483 2868 XI
1562 2806 1597 2869 7

537 2921 595 2985 si
641 2944 830 2987 omne
875 2922 999 2986 iter
1043 2922 1256 2987 evadit
1302 2807 1705 3007 stadim'iuiue
1753 2921 1988 2986 acclive
2033 2920 2308 2985 tolutim.

350 3193 540 3240 autem
577 3188 781 3239 dicitur
803 3189 1096 3239 membrum
1120 3187 1273 3241 virile
1306 3193 1368 3239 ut
1404 3189 1450 3239 L
1464 3188 1676 3240 uciliu
1689 3204 1715 3240 s
1751 3188 1893 3240 libro
1927 3188 2061 3239 V111
2100 3189 2179 3252 (in
2221 3188 2405 3238 Bamb.
2432 3188 2660 3253 reliquis

350 3256 619 3308 abscissis
644 3256 789 3307 haec
824 3262 954 3308 sunt
989 3284 1051 3294 —
1087 3257 1194 3308 ius
1238 3256 1410 3307 libro
1449 3272 1701 3307 occovo
1737 3284 1804 3293 —
1839 3259 2166 3308 muttonis
2203 3257 2374 3307 lacri
2409 3282 2472 3290 —-
2510 3260 2659 3320 rgat

349 3324 612 3381 amica).
720 3324 856 3375 VIII
915 3325 962 3373 N
965 3341 1051 3374 on.
1081 3327 1192 3387 119,
1218 3327 1285 3376 20
1320 3326 1577 3390 gigeria
1612 3324 1878 3376 intestina
1912 3324 2236 3389 gallinarum
2272 3339 2395 3373 cum
2420 3323 2659 3388 hepatiis

349 3391 819 3457 (conhisetita
845 3391 983 3451 cdd.)
1012 3396 1187 3442 cocta.
1239 3391 1546 3444 Lucilius
1572 3393 1665 3442 lib.
1692 3393 1843 3443 VIII.
1939 3392 2015 3442 IX
2051 3394 2189 3444 Non.
2216 3394 2333 3455 217,
2357 3393 2420 3442 14
2444 3393 2661 3458 posti—

349 3476 489 3510 cam
513 3457 775 3510 feminino
800 3474 1000 3524 genere
1020 3461 1416 3511 consuetudine
1442 3460 1778 3525 appellamus
1797 3487 1864 3496 -
1884 3460 2136 3523 Lucilius
2156 3488 2221 3496 —
2241 3460 2416 3511 Varro
2440 3486 2505 3495 —
2522 3460 2658 3511 Titi-

349 3528 480 3578 nius
517 3531 713 3577 neutro
744 3528 807 3578 in
842 3527 1122 3578 Veliterna
1156 3528 1262 3578 dici
1297 3528 1494 3593 probat
1531 3555 1593 3563 —-
1631 3528 1775 3578 idem
1809 3554 1876 3563 —-
1912 3530 1957 3578 L
1970 3544 2006 3577 u
2018 3528 2188 3578 ciliu
2200 3543 2226 3579 s
2260 3527 2352 3578 lib.
2390 3527 2544 3578 VIII.

349 3595 403 3644 X
462 3595 636 3646 Prisc.
662 3598 763 3646 909
790 3595 1044 3646 sallerent
1070 3595 1210 3645 dixit
1232 3612 1266 3645 a
1291 3594 1492 3658 sallo,
1529 3611 1641 3646 non
1664 3613 1698 3647 a
1721 3595 1879 3646 sallio
1914 3593 2121 3657 (salio
2145 3611 2212 3645 m.
2236 3612 2316 3661 pr.
2341 3597 2464 3646 Par.
2484 3593 2657 3657 7496).

354 3662 608 3714 similiter
633 3662 943 3715 Lucilius
968 3664 1027 3713 in
1050 3663 1200 3713 VIII.
1305 3664 1384 3713 XI
1431 3664 1569 3715 Non.
1594 3666 1646 3726 4,
1670 3667 1701 3715 2
1729 3663 1872 3714 tolu
1888 3664 1999 3714 tim
2022 3663 2220 3715 dicitur
2245 3663 2405 3729 quasi
2429 3662 2660 3715 volutim

350 3730 440 3780 vel
475 3729 810 3782 volubiliter.
882 3731 1109 3798 Elautus
1135 3759 1191 3768 —
1211 3731 1423 3782 Novius
1449 3757 1508 3767 —
1536 3731 1680 3783 idem
1706 3758 1764 3768 -
1798 3727 1982 3799 [idem]
2013 3732 2322 3783 Lucilius
2348 3736 2659 3795 satyrarum

526 3999 562 4055 9
612 4000 824 4073 gigeria
870 4000 1057 4056 insunt
1097 3998 1182 4069 M,
1227 4000 1455 4074 gizerini
1501 4008 1632 4057 suut
1677 4001 1803 4059 cdd.
1942 4002 2021 4060 10
2063 4001 2276 4076 hepatia
2324 4020 2394 4071 v.,
2445 4000 2657 4073 hepetia

354 4087 584 4157 scripti.
764 4084 836 4140 11
889 4085 1206 4158 pristrinum
1251 4085 1297 4140 L
1348 4084 1402 4143 1.
1447 4116 1529 4125 —
1574 4085 1710 4142 cella
1755 4086 2084 4157 GulielmuS,
2134 4086 2268 4143 sella
2310 4087 2435 4141 cdd.
2582 4082 2657 4139 12

355 4186 603 4225 murenas
630 4171 777 4240 cdd„
803 4184 1088 4224 muraenas
1118 4188 1169 4226 v.
1195 4198 1277 4210 —-·
1303 4168 1602 4226 mercedem
1626 4171 1686 4262 11].
1725 4170 1991 4267 {rig-dasia-
2029 4171 2282 4246 frigdaria
2316 4168 2510 4243 Sanq„
2560 4167 2654 4222 fri-

358 4288 561 4363 gidaria
605 4289 846 4359 Bamb„
897 4287 1183 4359 Caralim,
1229 4287 1448 4360 Bern.,
1496 4290 1641 4347 Par.
1688 4289 1872 4349 7496.
2073 4291 2149 4351 13
2207 4304 2417 4351 omnem
2469 4294 2541 4361 G,
2598 4294 2652 4348 el

359 4391 427 4430 m.
464 4375 522 4446 l,
568 4374 616 4431 L
658 4375 704 4429 1.
759 4404 829 4415 -
878 4374 1021 4430 inter
1067 4374 1130 4445 G,
1178 4391 1293 4432 non
1339 4374 1386 4429 L
1434 4374 1491 4446 1,
1535 4375 1583 4432 L
1628 4375 1695 4431 2.-
