3267 5075
1246 338 1462 392 111ssssss
1499 341 1774 395 xxvffll.
2485 338 2654 408 ’263

368 505 563 577 exiguo
595 504 775 560 fructu
805 507 1112 578 composuit
1140 515 1473 562 asseveraret
1505 525 1598 580 pg.
1636 509 1712 563 78
1758 509 1811 563 in
1843 509 1925 564 his
1959 526 2093 581 quae
2124 510 2329 566 Nonius
2361 509 2505 581 436,
2540 511 2650 577 3ος

365 587 509 659 421,
546 590 617 643 11
667 589 734 644 de
779 589 1085 663 cupiditatis
1130 600 1186 645 et
1214 590 1479 664 cupidinis
1524 600 1578 646 et
1610 592 1677 647 de
1708 593 1972 665 cupidinis
2016 601 2072 648 et
2107 596 2303 649 amoris
2336 593 2651 651 dill'erentiis

364 675 633 748 prompsit
676 691 936 748 apparere
984 677 1267 748 vestigium
1313 676 1437 731 licet
1494 675 1778 731 obscurius
1836 679 2202 751 exiguumque
2249 709 2324 718 —
2372 681 2487 752 ipsa
2535 683 2651 736 eius

364 758 462 813 tria
501 765 779 830 postrema
811 761 970 832 posui
1019 758 1173 814 verba
1213 790 1282 800 --
1318 759 1594 816 doctrinae
1628 760 1817 816 Valerii
1849 762 2066 818 Catonis
2098 764 2190 836 qui
2221 762 2474 819 discrevit
2505 781 2651 820 amo·

360 858 472 897 rem
520 850 574 897 et
619 843 923 916 cupidinem
967 845 1040 898 ita
1099 843 1365 901 ‘decessit
1418 847 1552 900 ilico
1596 848 1780 915 alter,
1838 849 1933 902 ubi
1974 851 2126 903 alter
2170 851 2409 905 recessit
2463 848 2648 920 (immo

350 927 694 998 processit),·
738 931 890 985 alter
932 931 1133 999 bonuS,
1179 932 1330 986 aller
1372 928 1606 1004 malus’,
1652 931 1780 985 mibi
1827 931 2040 1004 quidem
2073 931 2165 986 diu
2206 931 2464 987 meditato
2495 949 2650 1007 repe-

358 1011 464 1066 rire
510 1028 622 1066 non
667 1012 914 1086 contigit.

529 1097 797 1153 53—56.
876 1115 1061 1170 preces
1108 1106 1166 1153 ut
1211 1098 1421 1154 videtur
1453 1098 1662 1171 puellae
1706 1101 1951 1172 rogantis
1982 1100 2241 1156 Lucilium
2287 1118 2409 1156 cum
2454 1103 2645 1172 amico,

360 1188 417 1236 ut
462 1198 523 1235 se
567 1181 749 1237 lenoni
794 1184 1059 1256 eriperet;
1103 1185 1191 1238 cui
1234 1183 1325 1238 ille
1370 1183 1646 1239 satisfacit.
1735 1185 1850 1240 hac
1894 1201 1960 1240 re
2005 1187 2041 1245 i.
2087 1202 2137 1241 e.
2183 1186 2292 1241 hoc
2337 1190 2428 1241 rei
2467 1194 2644 1258 statu,

526 1264 627 1325 55.
701 1269 813 1323 duc
860 1275 912 1323 te
958 1269 993 1322 i.
1025 1283 1073 1323 e.
1107 1268 1287 1340 aufer
1330 1277 1383 1324 te
1416 1276 1475 1323 ut
1503 1270 1716 1340 saepius
1752 1268 1994 1324 familiari
2023 1286 2307 1338 sermone3
2352 1270 2421 1326 cl'.
2468 1271 2639 1327 Plaut.

355 1349 521 1408 aulul.
555 1349 664 1422 llll,
689 1352 749 1423 8,
774 1352 844 1419 83
877 1352 1064 1407 Bacch.
1101 1351 1206 1422 llll,
1240 1351 1299 1423 2,
1328 1353 1436 1420 113
1470 1353 1591 1406 Ter.
1623 1352 1747 1408 llec.
1776 1353 1882 1424 llll,
1912 1355 1967 1424 1,
1995 1354 2065 1421 73
2099 1355 2244 1410 Asin.
2273 1353 2388 1411 Pol.
2424 1373 2507 1429 ap.
2535 1355 2638 1411 Cic.

353 1451 437 1508 ep.
470 1434 536 1489 ad
567 1435 693 1495 l'am.
725 1437 789 1507 X,
831 1436 931 1493 32.
978 1468 1060 1476 ——
1103 1440 1262 1509 filum
1294 1455 1408 1492 non
1451 1438 1690 1497 malumc
1734 1437 1908 1494 Plaut.
1956 1456 2117 1494 merc.
2153 1437 2261 1509 llll,
2294 1438 2353 1510 4,
2391 1439 2467 1496 15
2513 1440 2640 1496 sati'

353 1523 557 1575 scitum
587 1523 748 1592 filum
779 1524 1006 1577 mulieri
1015 1546 1033 1584 ,·
1079 1537 1275 1579 verum
1304 1524 1501 1578 hercle
1532 1529 1686 1577 anet.
1718 1552 1801 1562 —-
1829 1525 1989 1594 filum
2017 1541 2131 1579 non
2163 1527 2395 1590 malum,
2429 1524 2640 1580 intelle-

350 1605 499 1678 gitur
529 1605 659 1661 haec
691 1605 846 1661 verba
875 1605 1117 1679 profecta
1149 1607 1372 1662 muliere
1402 1605 1464 1661 ad
1498 1607 1724 1661 amicum
1755 1609 1939 1662 nescio
1972 1624 2132 1680 quem
2157 1607 2331 1663 facere
2351 1608 2633 1664 Lucilium.

520 1689 620 1746 56.
699 1694 762 1745 m·
802 1707 902 1763 pro
932 1707 1020 1746 ne..
1095 1693 1170 1745 ita
1211 1693 1265 1746 in
1310 1692 1688 1763 epigrannuate
1716 1691 2194 1764 sepulcrali,quod
2240 1693 2441 1764 primus
2474 1692 2643 1748 edidit

348 1774 684 1830 Burmannus
717 1776 769 1830 in
802 1784 1199 1848 programmate
1228 1774 1555 1831 scholastico
1589 1775 1821 1830 Berolini
1856 1783 1980 1831 ante
2010 1793 2213 1849 paucos
2245 1793 2456 1832 menses
2492 1776 2642 1832 evul-

349 1866 478 1930 gato
521 1877 615 1932 pg.
672 1859 747 1914 14
794 1868 849 1915 te
901 1863 1070 1932 lapis
1099 1867 1357 1931 optestor
1397 1862 1600 1916 leviter
1645 1877 1825 1931 super
1866 1877 1999 1917 ossa
2047 1863 2289 1931 res-idas,
2339 1865 2400 1917 m·
2441 1870 2638 1918 nostro

347 1945 536 2000 doleat
581 1946 813 2002 condita
857 1946 931 2000 ab
975 1944 1192 2017 officio.
1239 1974 1318 1983 —-
1365 1953 1538 2016 atque
1583 1961 1683 2017 pro
1717 1953 1910 2017 utque,
1957 1946 2058 2000 nisi
2090 1945 2266 2001 fallor.
2318 1975 2393 1984 —-
2442 1953 2636 2003 exter·

347 2031 617 2098 minaret,
685 2032 963 2085 emitteret
1017 2031 1208 2092 clamo,-
1262 2046 1441 2084 sermo
1497 2028 1564 2083 de
1622 2029 1817 2084 lenone
1865 2037 1923 2084 ut
1967 2029 2208 2101 videtur,
2269 2031 2359 2103 qui
2403 2030 2636 2103 puellam

347 2113 618 2186 optulerat
661 2113 886 2170 Lucilio.

511 2197 611 2254 57.
687 2201 939 2261 descino;
993 2198 1215 2254 Plautus
1271 2198 1501 2254 Mostell.
1551 2198 1634 2270 lll,
1675 2200 1732 2269 1,
1779 2198 1898 2255 113
1953 2200 2093 2254 bene
2137 2200 2334 2256 hercle
2384 2199 2632 2270 factum.

343 2285 515 2354 quid?
575 2298 682 2340 eas
710 2287 918 2355 quanli
958 2286 1245 2339 destinat?
1299 2285 1369 2338 ita
1401 2301 1486 2355 ap.
1521 2283 1750 2338 eundem
1772 2287 2078 2354 praestitio
2113 2285 2149 2341 i.
2184 2301 2230 2339 e.
2262 2300 2635 2355 praeornare,-

343 2366 409 2422 cs.
457 2367 609 2422 Paul.
659 2367 804 2424 223.

508 2453 609 2509 58.
686 2453 877 2508 melius
909 2454 1176 2524 Hymnis,
1222 2469 1323 2526 eqo
1370 2457 1453 2509 sic
1486 2460 1540 2506 et
1572 2470 1683 2524 quo
1721 2460 1773 2508 le
1802 2460 2028 2527 propter
2058 2454 2321 2523 rationem
2352 2455 2626 2509 musicam.

508 2539 609 2595 60.
690 2540 782 2594 hic
826 2538 1071 2611 pluraliS,
1120 2545 1178 2593 ut
1223 2538 1419 2609 XXVll,
1466 2537 1565 2592 41.

506 2622 608 2679 62.
689 2627 868 2679 virum
914 2640 1013 2696 pro
1061 2640 1255 2680 verum
1271 2648 1288 2686 ,·
1344 2623 1488 2693 200,
1521 2622 1600 2677 24
1646 2622 1870 2678 Naevius
1916 2623 2095 2679 colace
2154 2623 2246 2692 (ita
2292 2632 2439 2680 recte
2484 2623 2629 2680 docti

337 2726 434 2780 pro
482 2725 618 2770 cor,
677 2725 787 2763 non
834 2711 1183 2780 corollaria,
1242 2724 1344 2780 qua
1401 2724 1690 2780 numquam
1750 2706 1877 2762 alias
1938 2710 2107 2764 utitur
2164 2707 2336 2762 fabula
2393 2708 2628 2777 Nouius3

336 2792 479 2866 462,
510 2792 594 2851 32
641 2791 765 2848 libri
810 2793 1056 2867 colare):

506 2938 693 2977 verum
739 2920 809 2992 (v.
857 2924 1069 2992 utrum)
1115 2920 1363 2995 scapulae
1409 2921 1529 2994 plus
1576 2939 1642 2976 an
1688 2921 1859 2977 collus
1905 2921 2023 2977 calli
2069 2923 2169 2977 iam
2203 2921 2394 2978 habeat
2421 2924 2624 2980 nescio.

503 3061 605 3118 63.
678 3064 754 3117 lis
781 3078 880 3133 pro
911 3062 1025 3116 illis
1052 3068 1113 3115 ut
1144 3061 1377 3132 saepiuS.
1421 3091 1483 3097 —
1532 3075 1619 3115 me
1651 3064 1903 3133 emuuyk
1949 3060 2068 3116 Tor.
2104 3060 2321 3116 Phorm.
2356 3060 2460 3130 llll,
2495 3061 2553 3130 d,
2596 3063 2615 3117 1

334 3150 574 3203 emunxi
616 3154 859 3218 arqento
905 3160 1096 3201 senem
1111 3170 1127 3208 ,·
1171 3145 1298 3199 llor.
1346 3162 1431 3217 ep.
1477 3144 1540 3217 ll,
1578 3145 1636 3214 3,
1671 3144 1749 3200 23
1796 3145 2039 3215 Pythias
2083 3152 2345 3201 emuncto
2388 3149 2621 3202 luc-ram

333 3232 560 3288 Simone
606 3233 896 3287 talentum.
974 3228 1164 3284 Pollux
1208 3228 1272 3300 ll,
1317 3223 1379 3299 4,
1429 3230 1505 3284 15
1549 3223 1669 3302 ἤδη
1714 3224 1780 3285 δέ
1841 3247 1994 3298 τινες
2053 3233 2173 3286 τῶν
2226 3233 2504 3303 κωμικῶν
2558 3223 2622 3284 τὸ

334 3309 426 3372 ἐπὶ
468 3309 667 3390 κέρδει
699 3308 999 3388 ἐξαπατᾶν
1027 3305 1385 3387 ἆπομύττειν
1416 3303 1603 3369 εἷπον.

501 3399 603 3458 64.
647 3409 651 3413 “
681 3400 768 3455 hic
794 3417 925 3455 sane
954 3398 1293 3454 librariorum
1323 3416 1511 3454 errore
1556 3415 1876 3472 quamquam
1921 3398 2193 3454 levissimo
2226 3397 2481 3471 deceptus
2516 3397 2616 3453 No-

330 3487 450 3541 nius
496 3484 688 3559 dignas
732 3484 962 3540 stultitia
1008 3501 1112 3539 sua.
1148 3482 1295 3538 dedit
1325 3487 1550 3556 poenasss
1603 3513 1672 3521 -—-
1724 3482 1971 3538 videntur
2002 3483 2133 3538 haec
2165 3480 2342 3550 verba,
2389 3498 2523 3556 quac
2554 3482 2617 3538 ad

330 3569 538 3626 Pacuvii
596 3568 838 3642 Chrysen
894 3577 1140 3642 spectare
1197 3576 1350 3640 putat
1405 3568 1633 3624 Naekius
1693 3585 1881 3640 opusc.
1930 3568 1980 3640 l,
2018 3567 2166 3636 106,
2214 3567 2265 3622 in
2309 3566 2617 3623 ennarraudls

331 3656 747 3729 Agamemnonis
778 3653 1107 3708 facinoribus
1141 3653 1306 3708 fuisse
1337 3654 1544 3725 positam
1576 3660 1683 3708 cet.
1716 3651 1786 3707 cs.
1824 3651 1952 3707 llor.
1988 3669 2071 3725 cp.
2108 3651 2149 3722 l,
2184 3649 2242 3722 2,
2282 3651 2376 3722 11,
2412 3649 2500 3708 12.
2536 3683 2543 3690 -
2608 3683 2617 3692 -

331 3742 566 3800 redere‚·
613 3740 695 3793 tit.
745 3737 998 3793 Pollanus
1042 3736 1224 3807 (inscr.
1272 3755 1315 3792 r.
1367 3737 1529 3810 Neap.
1574 3735 1758 3806 6276)
1803 3739 2228 3809 conquaeae'sivei
2269 3737 2613 3810 redidoiqew.

498 3822 598 3881 65.
643 3828 909 3884 -vomica,·
941 3830 1178 3896 nugatur
1208 3822 1433 3891 NoniuS,
1465 3824 1556 3894 qui
1590 3820 1723 3877 illud
1758 3820 2071 3877 vocabulum
2104 3821 2406 3876 acctlsatlvo
2439 3821 2615 3878 uoutrl

329 3909 545 3981 generis
590 3924 719 3963 casu
765 3908 1002 3981 positum
1050 3907 1217 3962 fuisse
1263 3906 1473 3988 videtur
1505 3907 1829 3962 existimare.
1905 3905 2051 3979 quod
2099 3907 2338 3979 proximo
2368 3905 2615 3978 sequitur

330 3999 383 4048 et
426 4000 610 4048 ortum
655 3993 891 4065 repetito
937 3992 1109 4046 altero
1157 3992 1314 4046 huius
1361 4008 1548 4046 versus
1595 3987 1870 4047 vocabulo.
1928 4022 2007 4030 ·-—
2069 3992 2349 4046 Chironem
2398 3989 2612 4044 vulnoru

328 4076 508 4133 dixere
554 4076 642 4132 alii
687 4076 897 4146 letalia,
954 4075 1076 4132 ideo
1132 4078 1255 4149 quia
1301 4075 1500 4132 Chiron
1547 4077 1845 4132 Centaurus
1899 4076 2094 4148 sagitta
2154 4073 2302 4130 Nessi
2349 4073 2611 4148 suniguluo

329 4163 494 4218 tincta
539 4163 681 4217 ictus
728 4160 1065 4216 mortiferum
1113 4160 1305 4216 vulnus
1351 4160 1527 4216 fertur
1570 4160 1935 4228 contraxissc;
1980 4159 2065 4216 alii
2112 4175 2167 4214 ea
2217 4173 2351 4232 quau
2390 4165 2605 4230 ptmauut

327 4248 533 4317 sanari,
590 4246 685 4301 sed
744 4262 851 4301 non
911 4247 1012 4301 nisi
1071 4245 1136 4301 ab
1189 4247 1427 4319 egregiis
1483 4244 1730 4311 modicis3
1788 4233 1884 4300 οἷα
1936 4247 2042 4300 τοῦ
2094 4237 2384 4318 Χείρωνος
2426 4231 2610 4298 αὐτοῦ

327 4326 578 4405 δεόμενα
609 4317 757 4406 πρὸς
789 4326 972 4404 ἴασιν,
1006 4340 1065 4386 ut
1113 4339 1231 4386 utar
1276 4328 1451 4390 verbis
1483 4329 1630 4386 Pauli
1668 4328 1977 4404 Aeginetae.
2054 4329 2122 4384 lta
2172 4327 2222 4384 Ιι.
2274 4325 2308 4384 Ι.
2360 4323 2606 4386 lnwltlw«.
