3267 5075
1196 352 1413 409 LIBER
1452 356 1544 410 XI.
1583 356 1701 411 XII.
2464 356 2596 423 233

217 434 226 461 Ι

295 526 636 599 formonsus
648 548 667 588 ,·
711 522 781 579 cf.
815 522 883 579 de
914 523 1012 579 hac
1039 523 1208 579 forma
1241 542 1377 597 quae
1408 524 1714 581 disseruere
1745 524 2066 581 Schmitzius
2099 542 2166 583 m.
2197 524 2294 581 Rh.
2320 525 2407 597 xl,
2441 525 2593 596 301;

301 610 460 670 Ribb.
511 607 653 684 prol.
703 610 862 685 Verg.
910 609 1067 679 4343
1113 609 1315 667 Ritsch.
1364 627 1452 683 op.
1489 611 1547 682 tl,
1585 610 1727 667 715.

480 696 579 753 13.
656 697 893 753 Cassius
938 696 1147 757 Gaius:
1201 697 1280 752 sic
1335 695 1456 752 alibi
1500 696 1641 769 apud
1687 695 1947 751 Lucilium
1993 696 2291 752 Cornelius
2336 698 2594 768 Publium,

187 808 201 823 ·
306 784 635 840 Trebellius
661 783 910 845 Lucius;
954 790 1009 836 et
1039 781 1180 855 apud
1211 783 1334 837 Acc.
1369 781 1567 837 Macci
1600 782 1712 837 Titi
1720 805 1738 844 ,-
1781 781 1923 836 sicut
1951 782 2109 835 ctiam
2139 782 2193 836 in
2225 781 2367 853 prol.
2401 781 2591 845 Mem}

300 871 373 924 ita
420 867 542 924 Pac.
576 869 799 924 Pacuvi
841 867 1061 930 Marci,·
1105 865 1239 922 Enn.
1276 866 1577 923 Cornelius
1612 867 1852 939 Cetoqus
1896 866 2170 929 Marcus,·
2227 874 2284 920 et
2326 867 2381 922 in
2426 868 2594 939 epita-

302 954 444 1028 phiis
490 953 804 1025 Scipionum
851 952 1149 1009 Cornelius
1192 952 1438 1009 Lucius:
1483 952 1610 1007 Hor.
1647 969 1694 1005 a.
1729 968 1780 1023 p.
1815 951 2130 1006 Cascellius
2171 949 2382 1014 Aulus,·
2426 959 2482 1008 et
2527 969 2595 1007 nc

302 1056 329 1094 a
363 1037 608 1112 pedestri
637 1038 852 1111 quidem
883 1053 1132 1093 sermone
1163 1055 1223 1093 ea
1249 1038 1524 1093 nominum
1555 1037 1838 1091 inmutatio
1871 1053 2096 1109 prorsus
2130 1036 2330 1108 aliena;
2370 1035 2594 1091 videnda
2690 1070 2697 1075 -

304 1140 444 1196 quae
488 1121 693 1179 Ritsch.
727 1131 822 1178 att.
869 1139 1080 1195 parerg.
1116 1140 1206 1195 pg.
1244 1121 1339 1177 15.
1394 1153 1467 1160 -
1514 1128 1757 1177 ceterum
1802 1120 2140 1194 intellegitur
2180 1128 2368 1193 poetas
2414 1120 2594 1176 adulta

303 1216 421 1263 arte
465 1207 530 1262 ab
575 1207 835 1263 addendis
880 1207 1306 1280 cognominibus
1337 1215 1393 1262 ct
1423 1208 1592 1280 magis
1625 1204 2058 1279 praenominibus
2089 1205 2145 1260 in
2189 1204 2396 1260 altioris
2441 1222 2594 1279 prae-

303 1294 492 1348 sertim
536 1293 759 1364 spiritus
805 1291 1126 1348 carminibus
1157 1290 1467 1349 abhorrere.
1521 1318 1587 1330 —-
1650 1291 1868 1346 Tullius
1901 1293 2168 1362 inquam‚·
2220 1290 2423 1346 Tulliu'
2470 1294 2594 1362 qui-

304 1380 434 1434 dam
479 1376 656 1450 Scal.‚
701 1378 877 1432 minus
923 1385 1105 1446 recte,
1161 1393 1283 1432 cum
1327 1375 1614 1432 abhorreat
1658 1393 1685 1429 a
1733 1372 2107 1445 probabilitate
2152 1374 2219 1429 dc
2265 1391 2322 1430 re
2370 1392 2592 1449 prorsus

304 1465 493 1537 ignota
537 1456 696 1517 ci'ad
740 1479 901 1535 quem
931 1462 1177 1535 loquitur
1223 1460 1378 1518 verba
1408 1461 1587 1516 facere
1616 1460 1896 1515 Lucilium.
1949 1490 2023 1499 --
2072 1467 2147 1530 et,
2197 1467 2255 1515 ut
2282 1460 2422 1532 apud
2462 1459 2590 1514 llor.

308 1550 631 1604 transvolat
659 1551 717 1603 in
748 1549 929 1603 medio
966 1551 1160 1620 posita
1192 1552 1247 1601 et
1285 1547 1572 1620 fuqienlia
1606 1552 1808 1617 captat
1820 1568 1838 1608 ,·
1881 1561 1964 1617 ap.
2001 1544 2122 1599 'I'ac.
2165 1545 2393 1616 factum
2424 1562 2592 1601 sena-

306 1640 398 1689 tus
440 1635 761 1689 consultum
809 1639 987 1689 atrox
1033 1639 1087 1688 et
1117 1635 1342 1688 irritum
1357 1656 1373 1693 ‚·
1416 1632 1759 1687 insidiarum
1803 1633 1862 1686 in
1896 1629 2180 1685 Neronem
2225 1647 2431 1702 mayna
2479 1648 2591 1685 mo·

305 1720 388 1774 les
439 1723 493 1772 et
549 1721 919 1789 inprospera.
978 1748 1062 1756 —
1118 1718 1287 1789 magis
1345 1724 1521 1771 tamen
1573 1731 1895 1787 permoveor
1951 1722 2012 1769 ut
2056 1714 2269 1769 credam
2315 1732 2343 1769 a
2387 1713 2592 1769 Lucilio

307 1802 512 1858 venisse
559 1801 707 1875 quod
749 1801 1030 1876 Scaligero
1077 1802 1275 1875 placuit
1317 1802 1431 1857 sive
1476 1800 1619 1873 quod
1667 1817 1767 1855 nos
1814 1800 2214 1872 proposuimuS.

474 1885 576 1942 15.
647 1889 907 1958 lanyuet,
952 1888 989 1943 i.
1036 1903 1109 1941 θ..
1129 1894 1371 1956 marcet,
1424 1902 1522 1959 per
1565 1885 1850 1940 luxuriam.

472 1971 577 2027 16.
648 1968 795 2043 hice,
840 1972 892 2026 d.
940 1989 985 2026 r.
1033 1989 1102 2026 m.
1150 1970 1292 2027 317.
1356 2000 1424 2009 —·
1485 1975 1767 2026 stricosus
1809 1971 1844 2024 i.
1894 1985 1940 2023 e.
1988 1971 2299 2041 striyosus:
2355 1969 2427 2023 ita
2473 1968 2592 2024 libri

307 2055 457 2112 Nonii
508 2055 652 2125 168,
699 2055 779 2113 25
834 2058 888 2112 in
935 2055 1110 2112 verbis
1156 2056 1369 2111 Masurii
1414 2054 1594 2110 Sabini
1640 2070 1802 2110 ecum
1846 2058 2012 2109 nimis
2055 2057 2395 2122 stricosum‚
2450 2053 2591 2126 apud

310 2140 535 2196 Gellium
580 2140 686 2211 llll,
735 2141 817 2198 20
861 2159 982 2197 cum
1028 2140 1235 2196 feratur
1277 2144 1600 2213 striyosum.
1658 2170 1740 2178 ———
1796 2140 2126 2199 bovinator‚-
2178 2137 2230 2193 id
2292 2155 2397 2193 non
2445 2147 2593 2193 recte

309 2225 623 2281 vocabulum
666 2226 806 2299 apud
852 2225 1082 2282 Gellium
1126 2234 1180 2281 et
1225 2225 1455 2281 Nonium
1502 2224 1828 2297 explicatum
1886 2240 2023 2295 quos
2078 2224 2255 2294 ipsum
2302 2222 2433 2277 illud
2491 2240 2592 2279 ore

309 2311 448 2367 duro
493 2326 736 2366 errorem
792 2310 1058 2366 dedocere
1116 2311 1313 2383 potuit.
1404 2310 1595 2366 melius
1640 2308 1838 2365 Paulus
1884 2307 1966 2364 30
2021 2309 2346 2363 bovinialur
2403 2311 2624 2363 convi··

312 2398 497 2451 cicitur
540 2395 726 2464 (immo
774 2396 1071 2452 bovinator
1116 2393 1509 2463 conviciator).
1537 2385 1633 2432 ‘-—
1688 2401 1744 2448 ut
1790 2397 2068 2449 stricosus
2111 2391 2177 2447 ad
2209 2395 2454 2464 corporis
2501 2392 2592 2446 de-

313 2478 631 2537 formitatem
674 2489 907 2555 spectat,
952 2482 1026 2537 ita
1073 2481 1371 2538 bovinator
1415 2479 1477 2534 ad
1524 2480 1701 2534 animi.

479 2564 574 2620 17.
648 2565 802 2622 fuere
848 2566 940 2639 qui
983 2565 1047 2620 ad
1092 2567 1266 2640 ipsum
1297 2565 1559 2622 Lucilium
1592 2565 1738 2620 hunc
1767 2555 1978 2618 versum
2013 2564 2284 2636 pertinere
2316 2571 2588 2637 putarent.

312 2665 371 2703 ea
414 2650 457 2705 si
500 2658 649 2706 recte
702 2651 895 2706 habeat
950 2652 1133 2724 opinio
1181 2681 1259 2690 —
1307 2652 1389 2706 vix
1444 2658 1623 2704 autem
1680 2647 2014 2721 probaverim
2059 2677 2140 2687 —-
2187 2649 2266 2704 vel
2323 2649 2489 2703 invito
2535 2650 2590 2703 in

311 2740 541 2789 mentem
584 2735 925 2792 revocabitur
968 2735 1114 2809 quod
1162 2735 1414 2791 Horatius
1460 2735 1527 2790 dc
1571 2751 1631 2790 se
1676 2739 1856 2787 narrat
1902 2741 2004 2787 sat.
2050 2732 2091 2803 Ι,
2126 2732 2161 2787 6

556 2882 715 2920 causa
762 2865 863 2920 fuit
907 2872 1059 2937 pater
1102 2865 1218 2936 his,
1265 2866 1356 2938 qui
1402 2880 1579 2919 macro
1626 2879 1830 2936 pauper
1873 2861 2050 2935 agello

558 2950 734 3006 noluit
775 2951 831 3005 in
877 2949 1019 3005 Flavi
1062 2949 1249 3004 ludum
1293 2966 1377 3003 me
1422 2950 1637 3004 mittere
1681 2978 1761 2987 --

558 3033 651 3089 sed
691 3042 975 3108 puerumst
1020 3050 1181 3089 ausus
1227 3033 1447 3089 Romam
1492 3040 1713 3106 portare
1758 3030 2061 3087 docendum

557 3126 731 3190 artes,
777 3136 909 3193 quas
956 3117 1147 3174 doceat
1191 3119 1364 3193 quivis
1409 3135 1575 3193 eques
1621 3125 1784 3190 atque
1828 3125 2046 3173 senator

555 3212 727 3260 semet
769 3212 1090 3277 prognatOS.

473 3332 580 3405 xn,
615 3333 669 3389 1.
730 3339 991 3405 quantum
1021 3332 1085 3387 ad
1114 3333 1268 3388 Nonii
1303 3332 1480 3402 verba,
1517 3332 1738 3387 videnda
1771 3348 1905 3405 quae
1937 3333 2238 3386 notavimus
2271 3330 2333 3384 ad
2368 3331 2452 3402 Vl,
2485 3331 2584 3386 22.

320 3425 544 3474 ceterum
590 3420 877 3491 utriusque
920 3419 1188 3474 sententia
1234 3417 1522 3490 fragmenti
1565 3417 1850 3491 simillima.
1943 3433 2061 3472 nam
2107 3421 2224 3471 erat
2267 3431 2458 3488 supra:

555 3564 716 3620 quem
764 3564 938 3621 neque
982 3546 1206 3602 Lucanis
1252 3545 1466 3601 oriundi
1514 3546 1780 3601 montibu’
1829 3546 1966 3601 tauri

556 3632 754 3688 ducere
797 3631 1015 3705 protelo
1065 3631 1247 3687 validis
1290 3630 1574 3686 cervicibu’
1622 3639 1866 3704 possent.

473 3759 527 3814 2.
602 3759 735 3815 illud
775 3760 1041 3830 probiter
1084 3760 1314 3816 coniecit
1358 3759 1689 3815 Gulielmius,
1764 3758 1857 3813 sed
1903 3757 2040 3814 bene
2086 3758 2246 3815 habet
2292 3761 2439 3833 quod
2486 3770 2589 3816 tra-

318 3840 474 3899 ditum
516 3852 621 3917 est,
667 3843 829 3900 modo
873 3846 949 3900 ita
991 3846 1248 3918 accipias:
1303 3852 1358 3901 et
1407 3849 1640 3916 pariter
1693 3844 1802 3899 hoc
1846 3848 1917 3899 sit
1967 3847 2212 3917 firmiter
2262 3847 2450 3917 fixum
2494 3849 2588 3901 tuo

314 3935 555 3997 pectore.
2478 3985 2481 3990 .

476 4013 529 4069 3.
604 4014 842 4078 kemini:
885 4013 956 4071 cs.
1001 4013 1205 4070 Ritscb.
1254 4031 1343 4087 op.
1391 4014 1455 4082 ll,
1486 4012 1628 4072 493.
1685 4043 1751 4051 —
1803 4014 1935 4069 kuic
1979 4016 2034 4069 h.
2083 4014 2151 4069 de
2195 4031 2260 4069 eo
2306 4015 2396 4086 qui
2431 4012 2585 4069 verba

322 4093 439 4151 iacit
478 4105 537 4152 ut
578 4116 662 4172 ap.
712 4098 841 4154 Hor.
891 4117 935 4154 S.
969 4098 1012 4170 1,
1046 4099 1106 4170 9,
1136 4098 1217 4154 47
1264 4108 1319 4154 et
1363 4114 1523 4171 saepe
1566 4097 1711 4154 alibi.
1800 4099 1873 4154 ita
1918 4098 2105 4154 Graeci
2149 4091 2274 4155 ὅδε.

476 4181 531 4238 5.
605 4188 788 4241 victus
830 4192 915 4239 est
959 4185 1262 4257 genetivuS.

477 4266 528 4322 6.
600 4275 787 4324 meet
821 4268 1053 4340 fratre,
1101 4269 1331 4324 sortasse
1377 4267 1441 4323 ad
1486 4270 1663 4342 ipsum
1709 4269 1843 4324 haec
1884 4275 2131 4341 spectant
2175 4265 2454 4322 Lucilium.
2508 4298 2577 4309 -—

319 4364 428 4414 me,·
467 4351 535 4406 ita
578 4351 776 4410 Ennius
822 4353 913 4410 lib.
960 4354 1002 4409 ll
1047 4355 1238 4428 siquid
1277 4369 1363 4408 me
1401 4354 1593 4425 fuerit
1636 4356 1937 4417 divinitus;
1978 4352 2044 4408 cf.
2095 4351 2237 4407 Fest.
2291 4351 2430 4409 161.
