3267 5075
1322 399 1545 453 LIBER
1580 399 1726 454 VIII.
1767 398 1939 453 VIIII.
2642 397 2769 461 221

480 573 740 626 oreretur
782 569 856 622 ita
903 574 1078 622 natam
1127 582 1249 621 esse
1293 565 1543 636 sormam,
1586 572 1650 620 ut
1693 581 1793 638 pro
1838 562 2174 620 substantivo
2220 564 2395 619 minus
2441 564 2641 620 usitato
2685 563 2775 619 ad-

479 654 738 711 iectivum
770 650 917 725 quod
946 650 1325 724 paenultimam
1358 651 1584 723 corripit
1614 666 1736 705 cum
1767 648 2176 705 substituissent
2206 647 2406 704 librarii
2437 665 2561 703 mox
2592 665 2776 705 errore

482 736 858 793 animadverso
901 737 1068 809 priori
1101 752 1129 790 r
1156 752 1255 809 per
1300 735 1699 809 neglegentiam
1730 742 2033 807 parcerent.
2071 766 2075 769 -
2106 732 2242 787 Non.
2282 733 2423 804 163,
2458 733 2533 788 17
2580 732 2618 788 L
2656 735 2686 788 1
2720 734 2774 791 in

481 823 636 877 Varr.
683 821 832 877 verb.
871 824 1138 892 pristino.
1499 815 1505 821 ’

659 906 760 962 10.
836 920 1142 968 murenas;
1183 907 1255 960 ita
1301 921 1388 977 ap.
1437 903 1585 960 Varr.
1631 903 1685 957 d.
1718 904 1754 959 1.
1785 902 1844 958 L.
1882 903 1947 974 V,
1980 902 2058 959 77
2105 901 2455 958 Florentinus
2499 919 2779 967 murena,-

482 992 735 1048 murena
780 989 1107 1046 pithoeanus
1150 989 1264 1048 luv.
1310 989 1371 1060 5,
1403 988 1516 1057 993
1561 996 1619 1043 et
1660 990 1740 1044 sic
1767 1003 1928 1060 saepe
1956 988 2011 1043 in
2040 985 2191 1043 libris
2220 986 2523 1057 veteribus;
2568 1004 2670 1044 nec
2709 987 2777 1045 de

484 1076 715 1150 proprio
761 1075 978 1131 nomine
1022 1073 1319 1129 dubitatur.
1368 1102 1451 1113 —-
1490 1072 1812 1145 friydaria,
1858 1071 1928 1128 cs.
1975 1072 2027 1131 d.
2073 1089 2119 1131 r.
2168 1088 2238 1126 m.
2286 1071 2427 1128 366.

663 1158 764 1216 12.
838 1159 981 1214 hunc
1027 1175 1240 1214 versum
1286 1159 1376 1231 qui
1422 1167 1545 1231 apte
1592 1157 1919 1225 emendarit,
1963 1158 2010 1212 is
2054 1172 2182 1213 vero
2231 1156 2628 1232 magnus'mihi
2673 1158 2779 1212 erit

486 1244 708 1319 Apollo.
772 1259 892 1299 nam
938 1245 1297 1313 coniecturae,
1346 1234 1542 1316 quihus
1571 1259 1693 1297 eum
1724 1242 1870 1297 docti
1902 1249 2254 1315 temptarunt,
2285 1257 2394 1296 non
2425 1249 2553 1317 sunt
2583 1240 2778 1315 dignae

484 1346 623 1403 quae
670 1335 1061 1384 memorentur.
1118 1358 1202 1367 ——
1255 1335 1495 1382 ceterum
1541 1329 1624 1382 vix
1669 1326 1833 1381 credo
1879 1325 2136 1382 Lucilium
2195 1324 2454 1382 adiectivo
2501 1325 2648 1399 quod
2694 1334 2777 1382 est

486 1417 805 1471 omnicolor
847 1429 1004 1468 usum
1051 1414 1152 1468 nisi
1197 1411 1341 1467 sorte
1386 1428 1482 1485 per
1524 1413 1828 1467 irrisionem
1874 1412 2225 1484 tragicorum.

666 1497 768 1554 13.
839 1498 1202 1571 yallinaceus
1242 1497 1454 1569 yallus.
1542 1496 1717 1583 Varro·
1755 1489 1894 1563 ὄνος
1936 1490 2148 1570 λύραςε

746 1618 1052 1692 phonascus
1096 1616 1283 1673 adsum
1330 1616 1462 1673 voci’
1507 1597 1897 1672 suscitabusum

744 1703 1180 1775 cantantiumque
1225 1692 1388 1776 gallu’
1435 1699 1785 1776 gallinaceus.
1835 1730 1908 1739 -

483 1823 616 1880 illud
664 1826 898 1880 sustulit
941 1820 1113 1877 nausa
1170 1822 1287 1877 sine
1342 1838 1497 1877 causa
1541 1812 1841 1896 ἅρχαικῶς
1900 1838 1999 1893 pro
2056 1822 2306 1876 sustollit
2361 1822 2599 1893 positum
2655 1838 2777 1877 esse

484 1910 779 1964 existimat.
830 1937 904 1945 —
942 1910 1233 1978 primores
1278 1911 1498 1980 unquiS,
1546 1909 1618 1962 ita
1665 1905 1786 1961 alibi
1828 1905 2165 1977 primoribu'
2211 1905 2467 1975 naribuS,
2508 1909 2775 1978 primori-

486 1992 589 2049 bus
630 1993 843 2064 labris,
882 1993 1232 2063 primoribus
1275 1993 1477 2064 diqitis.
2330 1979 2336 1986 ’

660 2076 763 2133 15.
837 2080 924 2133 uli
961 2091 1062 2149 pro
1093 2077 1205 2132 ubi.
1257 2109 1332 2117 —·
1380 2078 1849 2150 aquam-marina
1882 2082 1937 2130 et
1961 2076 2280 2149 fluviatilis.
2312 2105 2395 2114 —
2439 2077 2682 2149 iliyneis,
2714 2076 2778 2131 ab

488 2178 555 2219 eo
600 2161 764 2236 quod,
799 2170 886 2218 est
912 2163 1138 2234 iliynus.
1213 2177 1406 2235 nempe
1450 2160 1536 2216 vix
1584 2175 1833 2233 umquam
1863 2157 2064 2216 librarii
2108 2175 2402 2233 pepercere
2432 2158 2778 2236 diphthongo
2872 2220 2875 2225 ,

487 2251 564 2319 εἰ,
612 2247 720 2303 nisi
768 2244 857 2301 ubi
903 2262 1025 2302 eum
1069 2261 1226 2301 secus
1282 2247 1788 2319 interpretarentur.
1844 2275 1929 2284 -—
1983 2252 2223 2300 ceterum
2268 2243 2408 2300 idem
2454 2245 2642 2300 vitium
2687 2245 2780 2301 ha·

488 2330 584 2387 bes
628 2348 715 2405 ap.
765 2329 1126 2387 Frontonem:
1179 2334 1361 2404 iyneis
1402 2331 1647 2387 nucibus
1692 2346 1790 2403 pro
1834 2332 1891 2385 il.
1938 2358 2021 2368 —-
2066 2331 2252 2401 pedes
2304 2336 2453 2386 recte
2500 2329 2617 2403 hoc,
2656 2330 2779 2386 loco

490 2433 597 2472 non
645 2418 761 2472 veli
797 2421 1004 2488 partes
1046 2413 1142 2470 sed
1188 2431 1376 2471 remos
1419 2414 1522 2470 «lici
1567 2422 1723 2488 putat
1767 2412 2128 2470 Franckeuius
2173 2432 2267 2487 pg.
2313 2413 2413 2471 40.

665 2501 767 2558 16.
832 2499 967 2556 illud
1008 2502 1184 2557 tentet
1227 2517 1254 2555 a
1312 2499 1567 2557 leutendo
1613 2498 1942 2556 descendere
1998 2500 2180 2573 potius
2225 2515 2384 2572 quam
2439 2516 2465 2554 a
2524 2499 2777 2558 lentando

489 2587 622 2642 satis
668 2588 903 2641 constat:

665 2697 820 2769 Vllll,
856 2698 909 2751 l.
975 2697 1029 2752 in
1077 2696 1182 2751 hoc
1225 2695 1363 2751 libro
1397 2705 1684 2770 postquam
1716 2706 2092 2771 argumentum
2123 2695 2404 2770 professus
2434 2706 2519 2752 est
2547 2699 2779 2771 primum

493 2783 561 2839 de
603 2784 874 2857 scriptura
916 2789 1063 2837 recta
1108 2778 1391 2837 verborum
1436 2780 1651 2836 videtur
1688 2781 2013 2855 exposuisse
2042 2780 2300 2852 Lucilius,
2332 2798 2441 2837 non
2472 2782 2688 2854 quidem
2723 2790 2781 2843 ut

494 2868 833 2943 grammatici
860 2868 1030 2922 instar
1057 2865 1215 2939 plene
1259 2872 1428 2921 totam
1475 2872 1731 2921 tractaret
1765 2867 2041 2922 materiam
2089 2865 2187 2921 sed
2234 2874 2294 2921 ut
2336 2865 2600 2940 deligeret
2645 2883 2782 2941 quae

493 2953 598 3027 ipsi
624 2952 968 3027 potissimum
999 2949 1161 3024 digna
1193 2949 1504 3006 viderentur
1531 2952 1788 3005 memoria
1817 2957 1873 3005 et
1899 2950 2241 3023 popularium
2274 2949 2460 3007 usibus
2482 2952 2778 3008 commoda.
2872 3014 2878 3019 .

494 3037 567 3093 ibi
608 3036 839 3110 plurima
883 3035 1062 3090 evenit
1106 3036 1315 3092 occasio
1346 3034 1577 3090 vellendi
1620 3035 1861 3107 Accium,
1906 3037 2059 3090 cuius
2089 3043 2372 3108 praecepta
2401 3035 2467 3091 ad
2499 3037 2784 3111 orthogra-

494 3122 674 3196 phiam
718 3120 1016 3194 spectantia
1062 3119 1132 3174 oh
1173 3119 1545 3175 claritudinem
1590 3118 1894 3174 studiorum
1926 3121 2041 3175 eius
2087 3119 2270 3175 multis
2317 3129 2427 3175 tum
2473 3121 2780 3177 rumoribus

496 3206 777 3262 hominum
807 3202 1166 3279 agitabantur.
1228 3203 1420 3259 deinde
1448 3204 1692 3277 singulas
1723 3205 1983 3260 orationis
2025 3213 2205 3278 partes
2249 3220 2314 3260 ex
2346 3204 2535 3261 ordine
2562 3221 2781 3278 percur-

497 3293 636 3347 risse
681 3298 819 3364 puto
849 3288 1108 3344 Lucilium
1140 3296 1196 3343 et
1226 3288 1440 3360 quidem
1487 3287 1802 3343 differentiis
1834 3291 2055 3344 maxime
2087 3287 2370 3344 verborum
2416 3306 2476 3344 ac
2519 3288 2781 3347 barbaris-

498 3377 597 3432 mis
641 3383 699 3430 et
726 3373 1086 3445 soloecismis,
1129 3374 1222 3446 qui
1252 3382 1367 3429 tum
1400 3371 1733 3446 obtinebant,
1773 3375 2061 3440 intentum,
2090 3389 2290 3440 ,verum
2336 3389 2404 3429 ne
2448 3374 2535 3430 hic
2564 3374 2779 3448 quidem

495 3467 706 3516 certum
730 3457 1002 3532 quoddam
1032 3459 1500 3532 grammaticorum
1529 3466 1774 3514 secutum
1796 3466 2031 3532 systema
2059 3457 2156 3513 sed
2176 3465 2344 3530 prout
2367 3457 2535 3515 ferret
2551 3453 2783 3529 animus.

495 3543 749 3600 adiuncta
790 3542 944 3599 suere
975 3550 1256 3616 praecepta
1286 3541 1351 3597 ad
1383 3545 1658 3598 metricam
1688 3551 1743 3598 et
1774 3543 2093 3599 rhetoricam
2123 3542 2465 3615 pertinentia.
2529 3560 2695 3617 porro
2727 3545 2781 3602 iu

497 3628 689 3684 eodem
737 3627 877 3683 libro
934 3634 1124 3700 poetas
1167 3625 1383 3682 Latinos
1440 3626 1933 3699 carpsit'LucilinS.
2025 3628 2155 3697 haec
2198 3636 2377 3683 autem
2433 3636 2781 3690 cuncta,non

496 3713 789 3787 proposuit
818 3711 882 3766 ad
912 3710 1206 3788 iactandam
1237 3711 1538 3767 doctrinam
1570 3728 1669 3767 nec
1701 3720 1761 3766 ut
1789 3711 2112 3785 professoris
2143 3722 2383 3769 sumeret
2412 3713 2780 3787 supercilium,

494 3796 592 3852 sed
639 3806 700 3853 ut
743 3796 837 3853 illo
880 3797 999 3869 ipso
1032 3803 1273 3869 tempore
1311 3794 1707 3852 efflorescentia
1750 3798 2127 3870 grammaticae
2173 3806 2227 3852 et
2259 3797 2560 3855 rhetoricae
2603 3800 2778 3865 studia

499 3891 554 3937 et
597 3883 717 3956 ipse
759 3897 860 3956 pro
890 3880 1028 3937 virili
1058 3889 1210 3954 parte
1238 3882 1445 3936 iuvaret
1475 3891 1529 3936 ct
1559 3880 1907 3955 popularibus
1950 3881 2385 3950 commendaret„
2414 3915 2498 3924 —
2542 3892 2779 3939 ceterum

500 3966 696 4041 placita
726 3966 792 4022 ad
823 3965 1266 4040 orthographiam
1294 3965 1633 4039 pertinentia,
1667 3965 1861 4039 quibus
1892 3964 2107 4021 cavebat
2152 3969 2493 4039 potissimum
2537 3976 2597 4024 ut
2639 3970 2786 4025 simi-

500 4051 584 4128 les
627 4067 794 4107 voces.
830 4049 1302 4122 discernerentur,
1349 4058 1409 4104 ut
1456 4049 1771 4124 subarguta,
1817 4067 1884 4107 ne
1928 4050 2096 4108 dicam
2139 4050 2479 4124 subrancida,
2521 4069 2586 4108 ex
2629 4062 2783 4127 parte

501 4135 908 4212 tautumfuere
951 4132 1175 4208 probata
1206 4134 1451 4208 Varroni,
1496 4136 1588 4209 qui
1620 4151 1708 4190 eas
1752 4142 1979 4209 propter
2022 4143 2219 4191 tantam
2251 4136 2438 4192 Lucilii
2481 4144 2785 4195 saturarum

501 4219 866 4278 celebritatem
911 4220 1127 4293 saepius
1170 4221 1528 4293 respexit,.et
1570 4219 1924 4292 sequentibus
1968 4221 2347 4294 grammaticis,
2392 4222 2484 4294 qui
2525 4222 2785 4296 quidquid

504 4304 572 4382 de
615 4307 694 4361 eis
737 4303 977 4379 produnt
1019 4320 1080 4358 ex
1132 4304 1366 4359 Varrone
1411 4304 1655 4359 hausisse
1702 4313 1829 4360 sunt
1872 4304 2224 4361 existimandi.
2764 4344 2781 4352 --

678 4388 735 4445 2.
811 4385 1086 4461 coruptm
1143 4390 1241 4445 hac
1289 4389 1453 4444 forma
1499 4387 1735 4444 Lucilius
1783 4397 1960 4444 utrum
2010 4397 2190 4444 utatur
2234 4389 2298 4445 ad
2344 4389 2647 4447 irridendos
2694 4393 2790 4449 ho·
