3267 5075
718 374 848 439 246
1640 373 1862 429 LIBER
1894 373 2092 429 XXVI.

893 542 988 599 13.
1035 541 1289 614 publicis
1318 542 1351 597 i.
1384 557 1433 598 e.
1464 535 1728 620 τελωνίᾳ.
1754 571 1841 583 —-
1879 546 2118 606 mutem,·
2162 550 2399 617 nugatur
2430 538 2664 600 NoniuS.
2700 572 2769 585 -—
2804 559 2933 615 meos,

712 629 1063 702 familiares,
2102 684 2107 687 ,
2182 666 2185 671 ·

893 710 988 768 14.
1060 710 1427 783 publicanu'5
1471 710 1601 768 Cato
1646 712 1701 766 in
1745 711 2046 786 praeceptis
2090 710 2155 767 ad
2203 709 2371 768 lilium
2422 711 2564 783 143,
2610 712 2649 770 8
2694 715 2770 770 illa·
2801 717 2933 785 impe·

623 828 648 859 1
719 804 887 854 rator
931 803 1009 865 tu,
1057 798 1155 853 ille
1199 799 1411 853 celeris
1453 794 1880 859 mediastrinu’5
1922 794 2044 851 libri
2089 797 2542 855 mediastrinum.

892 878 988 937 15.
1062 882 1207 938 adeo
1250 881 1409 937 etiam
1453 879 1517 935 ad
1573 881 1849 954 posterius
1894 881 2044 937 mule
2097 882 2357 955 pertinet.
2403 911 2490 922 —
2533 882 2801 955 accipiunt
2836 882 2864 941 i.
2898 897 2932 936 e.

717 968 952 1038 habent,
998 973 1059 1022 ut
1102 982 1186 1038 ap.
1233 963 1356 1020 Ter.
1409 963 1492 1020 ad.
1538 963 1604 1037 11,
1640 965 1697 1036 1,
1732 964 1809 1020 12
1856 966 2105 1040 indignis
2148 982 2277 1023 cum
2323 974 2540 1041 egomet
2582 970 2681 1023 sim
2719 971 2938 1038 acceptus

717 1053 916 1108 modis.

890 1135 988 1192 16.
1055 1137 1240 1191 nitere
1283 1134 1651 1208 imperativuS.

890 1218 988 1275 18.
1058 1225 1367 1290 vemenler‚
1412 1218 1485 1278 cf.
1531 1218 1586 1275 d.
1631 1236 1676 1274 r.
1727 1236 1796 1274 m.
1845 1216 1986 1276 253.

891 1303 990 1360 19.
1054 1319 1249 1360 sensus
1280 1303 1392 1360 bic:
1438 1320 1607 1377 quare
1652 1302 1903 1360 lubenter
1945 1321 1972 1359 a
2002 1305 2277 1365 communi
2323 1322 2383 1361 ac
2419 1306 2630 1379 vulgari
2663 1306 2732 1361 via
2756 1304 2940 1361 (leelina.

717 1391 933 1446 deleiro
980 1396 1155 1444 tamen
1200 1385 1449 1462 ambigue
1494 1388 1726 1446 dictum:
1782 1403 1904 1444 nam
1948 1396 2162 1464 poterat
2207 1387 2323 1445 fieri
2370 1397 2431 1445 ut
2479 1392 2650 1447 amico
2690 1390 2846 1445 Lucilii
2879 1388 2942 1443 in·

717 1489 904 1529 sanum
934 1472 1210 1530 videretur
1238 1472 1525 1529 consilium
1557 1472 1681 1529 tale.
1713 1503 1794 1513 —
1825 1474 2123 1548 ruderum,
2170 1490 2306 1548 quae
2335 1483 2487 1531 extra
2519 1475 2656 1531 viam
2694 1476 2839 1531 iacere
2872 1487 2944 1527 so·

716 1558 849 1614 lent.
900 1587 974 1597 —
1023 1565 1265 1614 ceterum
1310 1574 1497 1614 versus
1541 1557 1823 1631 Pomponii
1867 1558 1958 1631 qui
2002 1557 2331 1633 praecedunt
2373 1559 2449 1615 ita
2492 1568 2621 1616 sunt
2664 1555 2908 1615 scribendi:

885 1705 1061 1760 iamne
1103 1702 1392 1761 abierunt?
1464 1705 1569 1760 iam
1612 1720 1725 1761 non
1771 1703 2044 1761 tundunt?
2114 1706 2288 1762 iamne
2334 1723 2440 1780 ego
2486 1708 2542 1763 in
2590 1714 2704 1763 tuto
2743 1704 2880 1760 satis?

887 1789 1140 1865 numquis
1186 1789 1272 1846 bic
1317 1794 1518 1860 restat,
1563 1790 1657 1862 qui
1704 1787 1943 1844 nondum
1988 1788 2164 1845 labeas
2210 1790 2413 1847 leirarit
2457 1792 2621 1848 mibi?

603 2008 616 2017 .
719 1935 810 1992 ubi
852 1935 987 1994 illud
1040 1952 1165 1993 sum
1222 1933 1369 2010 quod
1424 1932 1587 2008 vulgo
1632 1933 1848 1990 additur
1903 1944 2031 2009 post
2085 1952 2186 2011 eqo
2244 1934 2396 1993 abest
2440 1954 2471 1992 a
2513 1936 2747 1994 Leideusi
2783 1936 2947 2009 priore,

719 2037 830 2077 uon
873 2037 904 2076 a
948 2018 1155 2089 Guelf.;
1202 2035 1379 2092 eoque
1424 2020 1626 2074 omisso
1659 2020 1828 2093 magis
1859 2019 2028 2076 vivida
2072 2019 2249 2077 evadit
2290 2023 2466 2078 oratio
2491 2023 2765 2097 magisque
2790 2018 2841 2074 fit
2866 2017 2949 2073 lae·

718 2112 834 2160 tum
888 2112 1141 2161 metrum.
1200 2134 1282 2145 —-
1338 2119 1505 2177 porro
1562 2107 1827 2176 numquis
1879 2103 2087 2179 legitur
2139 2105 2194 2161 in
2236 2104 2276 2159 L
2312 2107 2344 2161 1
2392 2121 2462 2161 m.
2506 2107 2562 2162 1.
2620 2137 2702 2147 —
2747 2105 2804 2161 de
2848 2119 2949 2160 con-

717 2191 930 2246 iectura
971 2188 1168 2264 scripsi
1212 2194 1397 2245 restat
1441 2204 1542 2262 pro
1587 2192 1822 2246 resistit.

888 2289 1155 2347 21—25.
1229 2299 1431 2348 statum
1476 2292 1723 2365 corporis
1768 2299 1823 2346 et
1865 2292 2025 2347 animi
2068 2293 2153 2348 sui
2198 2294 2431 2366 exponit·
2456 2293 2720 2363 Lucilius3
2757 2300 2807 2348 et
2842 2297 2949 2365 puto

720 2377 850 2433 baec
893 2376 1051 2432 etiam
1096 2376 1161 2431 ad
1205 2375 1619 2450 praecedentem
1661 2392 1967 2432 sermonem
2013 2378 2359 2450 pertinuisse.

888 2461 988 2517 22.
1066 2460 1224 2518 verba
1268 2461 1383 2517 eius
1428 2461 1522 2546 qui
1571 2459 1780 2516 dubitat
1833 2460 1902 2517 de
1944 2460 2313 2518 sollicitudine
2356 2461 2566 2520 Lucilii.
2623 2493 2705 2504 ·-—
2750 2465 2951 2536 siquam,

716 2546 913 2604 morbi.
960 2577 1038 2588 —
1084 2562 1271 2602 versus
1301 2546 1438 2603 Enni
1471 2547 1562 2619 qui
1594 2545 1707 2620 leg.
1741 2545 1864 2602 134
1891 2564 1939 2603 s.
1968 2545 2005 2602 l.
2050 2549 2379 2620 lanyiscere
2405 2551 2700 2623 lanyidum
2734 2547 2851 2622 fieri
2885 2545 2952 2602 vel

710 2633 920 2706 franqi
958 2632 1038 2688 sic
1078 2630 1394 2688 scribendus
1438 2639 1549 2687 est:
1609 2647 1741 2688 cum
1783 2633 1933 2689 soles
1987 2634 2216 2689 tandem
2262 2631 2499 2704 faciunt
2541 2637 2843 2709 lanyiscere
2880 2627 2952 2706 (ita

714 2723 865 2773 recte
908 2715 1176 2773 Vahlenus
1220 2721 1276 2772 et
1330 2714 1573 2789 Hugius,
1628 2714 1751 2771 cdd.
1798 2717 1924 2772 sola
1980 2723 2067 2773 est
2111 2717 2309 2774 eadem
2357 2718 2597 2791 faciunt
2644 2718 2723 2776 vel
2765 2717 2952 2789 facient

715 2800 1061 2875 lonqiscere)
1102 2803 1311 2875 lonqezg
1357 2816 1466 2856 non
1509 2802 1692 2874 lonye.

886 2885 988 2943 23.
1061 2887 1353 2943 doloribus
1395 2886 1723 2959 confectum
1764 2893 2017 2957 corpusj
2055 2885 2256 2943 morbis
2300 2895 2357 2944 et
2398 2889 2625 2945 maxime
2669 2886 2790 2944 febri
2825 2898 2952 2957 saepe

718 2978 966 3025 vexatum
1011 2968 1273 3027 Lucilium
1317 2977 1403 3025 sat
1443 2975 1678 3027 constat.

887 3052 988 3110 24.
1057 3054 1355 3126 follicu105
1396 3054 1572 3110 adfert
1601 3054 1778 3111 Dousa
1808 3071 1874 3111 ex
1903 3053 2121 3112 Arnobii
2154 3065 2344 3113 contra
2377 3066 2574 3132 gentes
2604 3058 2735 3115 libro
2762 3055 2800 3113 ll
2827 3054 2950 3110 haec:

717 3138 872 3195 ‘nibil
917 3139 1059 3194 enlm
1102 3146 1188 3194 est
1228 3137 1384 3194 nobis
1414 3140 1741 3213 promissum
1771 3138 1837 3195 ad
1882 3140 2021 3197 banc
2059 3141 2218 3196 vitam
2248 3158 2350 3197 nec
2393 3143 2448 3198 in
2489 3142 2793 3199 carunculae
2823 3137 2953 3195 buius

715 3222 960 3281 folliculo
1004 3223 1317 3280 constitutis
1361 3223 1481 3297 opis
1524 3223 1725 3297 aliquid
1770 3241 2031 3297 sponsum
2076 3231 2162 3281 est
2205 3225 2497 3300 auxiliique
2539 3221 2839 3285 decretum.’

884 3309 986 3366 25.
1061 3306 1338 3364 turbatum
1393 3316 1579 3382 aperte
1632 3309 1688 3364 in
1744 3307 1921 3365 verbis
1974 3308 2150 3366 Nonii.
2236 3326 2360 3367 nain
2413 3319 2542 3367 ante
2585 3311 2715 3369 illud
2767 3323 2952 3367 vescum

713 3397 987 3451 minutum
1031 3393 1337 3451 obscurum
1379 3393 1749 3466 reponendum
1797 3395 1985 3467 utique
2044 3409 2269 3452 vescum
2296 3411 2442 3463 ,cum
2481 3397 2718 3469 fastidio
2764 3390 2952 3452 edendi,-

714 3485 843 3551 post
884 3477 1074 3535 Lucilii
1116 3477 1306 3546 verba3
1353 3478 1604 3551 suspicor
1646 3477 1803 3533 etiam
1850 3477 2109 3535 excidisse
2152 3478 2344 3535 lemma
2375 3489 2437 3537 ut
2480 3490 2611 3555 puta
2653 3491 2859 3540 vescum
2893 3489 2952 3529 ex

716 3564 921 3620 edendi
960 3566 1274 3620 intentione
1315 3564 1559 3634 dictum,
1602 3563 1912 3620 Lucretius
1952 3565 2049 3620 lib.
2096 3565 2134 3621 Ι
2174 3580 2339 3623 vesco
2382 3566 2508 3623 sale
2558 3583 2713 3626 saxa
2759 3574 2951 3638 peresa·

719 3653 960 3703 ceterum
1004 3655 1122 3703 erat
1164 3664 1283 3703 cum
1330 3646 1673 3704 scribendum
1718 3655 1963 3719 putarem

974 3808 1132 3865 quam
1178 3792 1513 3849 fastidiosum
1558 3811 1621 3851 ac
1664 3810 1878 3849 vescum
1923 3794 2104 3852 bibere
2155 3833 2461 3865 ,;,.,.,„.

888 3935 1160 3995 26—27.
1234 3941 1412 4012 agitur
1467 3941 1534 3998 de
1588 3941 1806 3999 homine
1862 3942 2183 4001 iactabundo
2228 3952 2284 4001 et
2327 3945 2398 4002 ob
2441 3946 2496 4003 id
2540 3949 2856 4023 importuno.
2892 3963 2949 3976 -·

716 4023 850 4081 illud
894 4025 1069 4080 mittis
1111 4022 1252 4080 haud
1296 4022 1457 4080 dubie
1501 4041 1566 4081 ex
1596 4025 1962 4101 dittograpbia
2006 4045 2164 4103 quam
2194 4029 2361 4105 vulgo
2391 4031 2582 4089 dieunt
2611 4026 2837 4089 vocabuli
2860 4036 2952 4079 mu·

716 4116 805 4166 tes
847 4116 1045 4166 ortum.
1132 4123 1295 4182 supra
1339 4107 1438 4179 38,
1473 4109 1556 4168 20
1598 4109 1802 4185 legitur
1845 4115 2067 4170 mittere
2110 4130 2210 4188 pro
2242 4119 2500 4177 mutire&
2549 4148 2630 4158 —
2673 4114 2954 4173 doctior—
3038 4169 3045 4178 ,

717 4193 908 4267 αἰτίας,
953 4191 1082 4254 Hor.
1129 4200 1229 4249 sat.
1274 4192 1317 4264 1,
1350 4192 1408 4264 9,
1440 4190 1516 4249 51
1565 4196 1736 4252 ditior
1776 4197 1872 4253 hic
1916 4205 2018 4254 uut
2064 4205 2151 4266 est
2203 4203 2339 4273 quia
2383 4202 2627 4261 doctior.
2674 4230 2746 4242 --
2787 4195 2953 4253 dinae,-

716 4280 789 4334 ita
832 4294 1009 4352 nuper
1047 4278 1385 4335 restituimus
1427 4277 1563 4334 iliud
1605 4279 1957 4353 Pomponius
1998 4284 2258 4357 Pythone
2305 4286 2600 4361 Geryone.-
2650 4287 2695 4343 ἆ
2721 4281 2952 4340 hominem

718 4361 943 4422 becitum
986 4380 1097 4438 quo
1140 4365 1277 4420 illae
1314 4363 1698 4435 pe'rvenibunt
1740 4365 1934 4424 diuae.
2006 4369 2164 4452 etiam
2209 4369 2349 4444 apud
2380 4369 2630 4430 Plautum
2670 4368 2801 4426 idem
2826 4372 2952 4417 voca·

211 4627 1763 5043 ΤΚΛ
