3267 5075
1319 360 1540 414 LIBER
1579 361 1749 414 VIIII.
2597 356 2685 420 43

1229 659 1553 731 LIBER
1609 658 1836 730 VIIII.

1188 833 1271 914 [Ι]
1322 835 1387 914 [1.
1434 832 1527 896 IX
1573 834 1687 914 m]
1738 830 1875 913 [αὴ

556 949 1121 1034 [orthographiam
1168 948 1233 1012 id
1280 951 1377 1012 est
1423 949 1807 1032 scripturam
1860 952 2103 1013 rectam
2160 952 2386 1013 contra
2431 926 2684 1033 imperi·
2761 966 2772 974 “

329 1067 534 1130 tiam
586 1064 994 1128 librariorum
1042 1063 1323 1127 Lucilius
1370 1067 1563 1147 poeta
1607 1064 1887 1147 primum
1936 1065 2217 1148 scripsit]

1430 1196 1495 1259 II
1540 1194 1629 1260 b*

552 1361 1272 1383 „„„„„„„„„„„„
1327 1335 1434 1376 ore
1481 1314 1750 1395 corupto

1176 1444 1272 1508 III
1323 1446 1426 1525 [cf.
1473 1444 1594 1509 inc.
1649 1444 1910 1525 12110*

557 1560 721 1625 adde
768 1559 1191 1624 soloecismon
1240 1581 1476 1644 genera
1523 1564 1713 1644 atque
1761 1561 2070 1625 vocabula
2116 1533 2395 1626 centum.

1369 1692 1462 1757 IV
1511 1695 1606 1774 [1]
1655 1694 1695 1757 d

558 1834 601 1875 a
646 1810 1005 1894 primumst.
1078 1808 1229 1874 hinc
1274 1809 1577 1893 incipiam
1625 1813 1690 1873 et
1725 1832 1888 1893 quae
1926 1811 2192 1874 nomina
2230 1811 2311 1875 ab
2353 1811 2475 1875 hoc
2517 1814 2685 1874 sunt.

558 2102 600 2141 a
645 2077 923 2161 primum
967 2077 1167 2161 longa
1210 2077 1422 2140 brevis
1472 2077 1736 2159 syllaba.
1829 2100 1948 2141 nos
1994 2082 2213 2141 tamen
2261 2100 2460 2141 unum

430 2194 509 2258 ‚5
557 2193 682 2257 hoc
727 2193 1034 2257 faciemus
1083 2195 1147 2256 et
1191 2214 1321 2257 uno
1369 2191 1717 2277 eodemque
1764 2196 1836 2256 ut
1881 2192 2138 2258 diximu'
2185 2196 2374 2277 pacto

558 2309 910 2374 scribemus
957 2315 1205 2392 ‘pacem
1250 2307 1499 2391 placide
1544 2307 1776 2371 Ianum
1824 2308 2072 2372 aridum
2121 2312 2395 2373 acetum’

543 2412 736 2507 Ἀρες
761 2418 955 2508 ’Ἆρες
1000 2421 1228 2487 Graeci
1275 2426 1348 2487 ut
1382 2423 1641 2518 faciunt
1705 2474 2110 2495 „„„„„„„

513 2675 543 2725 1
604 2673 734 2724 haec
770 2672 914 2738 apud
946 2672 1214 2723 Isidorum
1247 2677 1432 2723 extare
1467 2673 1598 2724 dicit
1631 2674 1837 2724 Dousa.
1896 2674 1989 2724 sed
2025 2674 2145 2740 ipse
2180 2690 2290 2725 non
2323 2675 2525 2726 inveni.
2583 2692 2685 2726 nec

367 2743 537 2794 facile
564 2742 723 2792 credo
749 2747 1025 2806 repertum
1048 2741 1134 2792 iri.
1227 2740 1280 2790 11
1320 2740 1649 2793 Consentius
1673 2745 1774 2793 402)
1796 2742 1847 2792 K
1874 2742 2014 2793 sicut
2040 2742 2346 2793 Lucilius
2367 2771 2426 2779 —
2452 2743 2686 2808 dempsit

371 2812 524 2862 enim
562 2826 726 2861 unam
764 2809 1010 2859 litteram
1054 2824 1150 2873 per
1193 2809 1610 2874 metaplasmum
1649 2824 1692 2860 r.
1849 2810 1935 2859 111
1994 2811 2285 2877 Pompeius
2321 2814 2420 2862 289
2456 2811 2508 2860 Κ
2552 2816 2686 2877 quot

368 2879 571 2942 modis,
611 2878 704 2938 ait,
742 2877 881 2927 fiunt
906 2875 1325 2927 soloecismi?
1383 2876 1637 2928 Donatus
1662 2877 1870 2940 redegit
1905 2892 1962 2929 se
1987 2877 2055 2927 ad
2079 2893 2339 2930 summam
2362 2878 2685 2929 brevitatem

372 2951 429 2999 et
469 2947 614 2996 dixit
648 2945 881 2996 ‘duobus
909 2942 1158 2995 tantum.’
1216 2943 1524 2996 Lucilius
1562 2946 1899 3010 (Lutilius
1935 2947 2213 2997 Parisinus
2242 2949 2372 2998 1179
2395 2963 2463 2998 m.
2492 2950 2539 3010 1,
2565 2947 2682 2998 Lu-

372 3015 525 3066 cius
561 3014 733 3064 Paris.
773 3015 922 3073 7530,
959 3012 1159 3078 Berol.)
1208 3016 1388 3062 autem
1423 3013 1561 3062 dixit
1597 3018 1812 3063 centum
1857 3012 1982 3078 (om.
2023 3016 2142 3065 Par.
2181 3014 2335 3079 7530)
2383 3019 2437 3064 et
2471 3030 2681 3065 enume-

374 3083 525 3134 ravit
562 3096 776 3132 omnes:
814 3083 966 3130 extat
1001 3079 1143 3130 liber
1177 3079 1370 3146 ipsius,
1409 3096 1516 3145 quo
1553 3077 1696 3148 (add.
1736 3083 1790 3131 M
1803 3094 1817 3140 ·‚
1857 3097 1960 3132 om.
1998 3081 2139 3145 cdd.)
2187 3082 2322 3133 dicit
2354 3081 2513 3145 illud;
2559 3098 2684 3133 nam

372 3151 459 3202 ait
495 3149 578 3201 sic
613 3176 678 3184 —
713 3154 771 3199 et
796 3148 1062 3213 percurrit
1099 3148 1198 3212 (ita
1221 3147 1651 3211 Lindemannus;
1691 3149 1912 3199 currit
1945 3149 2031 3199 vel
2067 3153 2346 3201 currunt
2383 3149 2521 3214 cdd.)
2558 3151 2682 3215 ipsa

373 3216 652 3269 vocabula
697 3217 945 3268 versibus
990 3216 1212 3280 scriptis
1269 3220 1388 3266 arte
1434 3220 1489 3265 et
1532 3217 1610 3267 ibi
1657 3217 1995 3268 enumeravit
2040 3217 2136 3268 illa
2180 3218 2375 3268 omnia.
2412 3244 2477 3254 -—
2524 3217 2678 3270 Serv.

375 3301 571 3337 comm.
608 3286 668 3335 in
703 3284 844 3338 Don.
880 3298 959 3348 gr.
1001 3283 1099 3334 lat.
1134 3282 1265 3346 1111,
1300 3285 1401 3333 446
1437 3284 1879 3335 soloecismorum
1915 3300 2110 3349 genera
2145 3290 2359 3336 centum
2393 3284 2527 3336 dicit
2561 3300 2681 3335 esse

375 3352 712 3405 Lucilius.
749 3378 815 3388 —
850 3350 978 3405 Isid.
1004 3366 1081 3401 or.
1106 3351 1150 3413 1,
1177 3352 1261 3416 32,
1290 3353 1322 3402 5
1358 3350 1493 3402 fiunt
1519 3357 1799 3417 praeterea
1824 3352 2174 3417 (soloecismi)
2199 3368 2263 3403 ex
2288 3353 2538 3418 plurimis
2569 3369 2680 3403 mo-

376 3423 483 3473 dis.
554 3420 692 3471 Nam
726 3418 1043 3471 Lucilius
1078 3420 1294 3468 centum
1335 3432 1539 3482 genera
1574 3420 2021 3472 soloecismorum
2064 3418 2217 3470 dixit.
2356 3418 2430 3470 IV
2490 3419 2680 3474 Scaur.

375 3491 513 3541 2255
548 3489 781 3555 primum
814 3488 991 3551 igitur
1026 3501 1120 3551 per
1156 3485 1516 3538 adiectionem
1551 3488 1649 3538 illa
1685 3488 1937 3539 videntur
1970 3502 2090 3538 esse
2123 3488 2359 3551 vitiosa,
2397 3488 2542 3553 quod
2575 3488 2678 3539 Ac-

377 3559 496 3609 cius
510 3555 823 3623 „geminatis
858 3554 1142 3605 vocalibus
1169 3554 1339 3605 scribi
1377 3560 1578 3606 natura
1612 3554 1805 3620 longas
1831 3555 2071 3623 syllabas
2095 3555 2289 3619 voluit,
2328 3570 2450 3607 cum
2471 3556 2682 3622 alioqui

382 3626 596 3676 adiecto
633 3623 721 3674 vel
757 3622 970 3674 sublato
1017 3622 1170 3687 apice
1222 3622 1577 3689 longitudinis
1625 3630 1681 3674 et
1725 3623 2008 3675 brevitatis
2045 3628 2176 3673 nota
2224 3630 2413 3690 posset
2448 3624 2680 3676 ostendi.

381 3709 505 3743 nam
540 3691 860 3757 singulares
893 3689 1113 3741 vocales
1151 3694 1205 3739 et
1228 3690 1454 3754 produci
1487 3695 1541 3740 et
1577 3692 1780 3757 corripi
1804 3694 2051 3756 possunt.
2109 3690 2253 3742 unde
2291 3693 2453 3742 etiam
2478 3693 2677 3743 Luci-

382 3760 518 3812 lius
569 3762 627 3810 in
672 3774 817 3810 nono
855 3764 1161 3810 saturarum
1195 3757 1260 3807 de
1307 3758 1696 3825 orthographia
1738 3758 2083 3826 praecipiens
2128 3760 2209 3810 ait
2246 3764 2302 3810 ‘a
2336 3786 2404 3796 -
2438 3760 2514 3811 ab
2557 3760 2680 3811 hoc

553 4027 590 4084 2
651 4027 1018 4085 soloecismon
1073 4028 1252 4098 docti,
1323 4026 1647 4084 soloecismo
1714 4028 1856 4084 Par.
1929 4027 2127 4099 1180,
2194 4028 2426 4098 Berol.,
2500 4026 2679 4083 soloe·
2760 4053 2795 4088 ,⁸

385 4115 586 4169 cismos
630 4114 774 4170 Par.
826 4112 1022 4181 1179;
1068 4111 1449 4169 soloecismum
1494 4113 1639 4169 Par.
1687 4113 1885 4185 7530,
1932 4117 2033 4186 qui
2074 4130 2179 4170 om.
2224 4120 2462 4169 centum.

383 4197 423 4255 4
479 4214 508 4252 a
560 4199 791 4273 primum
848 4198 1013 4272 longa
1078 4195 1256 4253 brevis
1311 4191 1550 4274 syllaba]
1614 4199 1762 4255 haec
1817 4205 2122 4271 corrupta,
2183 4198 2464 4270 fortasse·
2508 4198 2679 4253 etiam

382 4286 682 4425 ἓιὲτὲιοέἑι.
900 4281 937 4340 5
1003 4281 1221 4340 diximu’
1287 4284 1443 4340 docti
1449 4305 1468 4346 ,·
1547 4282 1762 4392 dicimpu'
1827 4284 1915 4340 cd.
2145 4283 2179 4339 7
2254 4298 2384 4355 arpe
2452 4296 2583 4354 cape
2647 4297 2678 4342 e
