3267 5075
670 418 800 480 278
1423 412 1524 468 EX
1559 413 1795 468 LIBRIS
1834 406 2193 468 INCERTIS.

669 583 828 642 habet
861 585 1092 642 Busiris
1138 613 1214 625 —
1263 584 1520 656 Neptuni
1559 584 1716 654 filius
1751 581 1869 653 fuit
1899 596 1980 637 ex
2013 581 2249 653 Epaphi
2275 587 2417 637 nala
2448 582 2625 653 Libya
2669 575 2907 655 (auclore)

669 671 917 727 Diodoro
962 677 1136 742 atque
1164 668 1407 738 Lucilia,
1448 670 1551 722 cui
1581 665 1880 723 Cornelius
1927 666 2127 738 Rufus
2169 668 2227 722 in
2272 669 2597 739 lyricis-ila
2630 665 2909 722 subscribit.

838 754 935 811 35.
1010 753 1076 810 ad
1109 753 1359 809 Varronis
1405 749 1563 807 verba
1606 751 1738 806 haec
1782 758 1936 807 notat
1967 749 2255 806 Muellerus
2283 752 2356 807 de
2385 752 2631 809 Ambivio
2667 751 2915 820 Turpione

666 843 825 914 loqui
859 841 1086 897 videtur
1119 837 1376 894 Lucilius
1404 843 1460 892 el
1487 837 1691 892 ludere
1736 839 1794 891 in
1823 839 2063 891 nomine.
2139 843 2192 890 at
2223 834 2551 891 Ritschelins
2590 851 2788 909 parerg.
2818 833 2914 890 187

669 928 721 981 si
748 925 1052 993 Ambivius,
1085 922 1281 995 inquit,
1307 922 1605 993 Hecyram
1629 921 1767 992 fere
1796 923 2240 994 sexaqenarius‚
2269 924 2496 991 primas
2531 919 2752 977 Caecilii
2770 917 2917 991 fabu-

666 1012 761 1066 las
804 1012 968 1065 circa
1015 1010 1371 1065 tricenarius
1412 1006 1634 1074 docuit,
1682 1006 1781 1060 ille
1825 1008 1992 1061 cuius
2042 1008 2287 1061 meminit
2328 1005 2586 1062 Lucilius
2635 1011 2730 1078 qui
2774 1011 2921 1059 natus

666 1093 783 1165 fuit
816 1111 867 1149 c.
902 1113 958 1150 a.
995 1111 1049 1149 u.
1086 1108 1138 1148 c.
1170 1094 1650 1148 sexcentesimum
1696 1092 1798 1147 vix
1833 1096 2027 1162 polest
2071 1105 2197 1146 esse
2225 1091 2385 1146 idem.
2465 1106 2526 1145 ea
2559 1095 2772 1162 excepto
2799 1085 2920 1160 quod

674 1177 741 1233 de
790 1177 954 1234 natali
996 1193 1137 1232 anno
1182 1174 1373 1231 Lucilii
1420 1175 1594 1230 minus
1641 1181 1792 1229 certo
1839 1182 2052 1230 constat
2096 1174 2395 1230 rectissime
2442 1175 2648 1230 moneri
2688 1172 2917 1229 existimo.

845 1262 946 1318 36.
1023 1259 1163 1334 apud
1208 1259 1439 1316 Donsam
1487 1260 1617 1315 baec
1662 1257 1922 1331 leguntur
1969 1258 2117 1314 velut
2160 1258 2377 1315 Lucilii:

844 1406 1010 1463 quare
1054 1389 1254 1460 (omitt.
1300 1384 1613 1458 Pntschius)
1659 1386 1906 1442 servandi
1954 1389 2166 1443 numeri
2209 1396 2264 1443 et
2310 1404 2499 1443 versus
2546 1387 2759 1444 faciendi

842 1491 943 1530 nos
974 1472 1139 1546 Caeli,
1171 1472 1410 1544 Numeri,
1454 1488 1739 1529 nnmerum
1773 1480 1832 1527 ut
1865 1470 1942 1543 (el
1970 1470 2280 1544 Pntschins)
2323 1473 2591 1530 servemn’
2622 1468 2926 1543 modumque.

674 1620 729 1668 et
773 1627 941 1686 porro
972 1610 1200 1668 Charisii
1245 1608 1431 1666 verba:
1478 1608 1718 1679 ‘LuciuS,
1766 1609 2021 1665 Aetnilius
2068 1619 2123 1666 et
2156 1614 2336 1666 cet‘cra
2382 1612 2620 1678 nomina,
2663 1625 2788 1684 quae
2826 1614 2927 1662 ante

675 1696 715 1750 V
760 1695 959 1752 habent
1004 1696 1046 1767 l,
1090 1694 1289 1771 duplici
1335 1693 1377 1751 ll
1422 1696 1693 1769 genitivos
1738 1694 2043 1768 singulares
2091 1693 2244 1751 linire
2273 1693 2493 1767 debent,
2540 1703 2604 1751 ut
2633 1709 2834 1751 necesse
2871 1691 2929 1746 sit

675 1781 931 1837 adversus
978 1780 1410 1837 observationem
1455 1780 1784 1835 nominativo
1830 1795 1940 1835 non
1988 1780 2250 1836 minorem
2293 1778 2409 1835 lieri
2440 1781 2749 1853 genitivum,
2791 1776 2927 1849 idque

675 1865 843 1922 Varro
890 1864 1107 1921 tradens
1153 1864 1345 1920 adiecit
1390 1864 1690 1920 vocativum
1723 1863 2050 1937 singularem
2099 1880 2317 1938 quoque
2350 1863 2537 1920 talium
2569 1865 2824 1920 nominum
2852 1875 2930 1933 per

571 1952 580 1959 “
675 1949 872 2022 duplex
917 1949 959 2005 ll
1003 1948 1163 2006 scribi
1207 1947 1439 2020 debere,
1486 1947 1580 2003 sed
1625 1957 1852 2022 propter
1896 1947 2251 2004 differentiam
2295 1965 2516 2005 casuum
2564 1950 2768 2022 corripi.
2847 1945 2930 2000 Lu·

675 2034 830 2090 cilius
876 2040 1053 2089 tamen
1098 2043 1153 2090 et
1198 2049 1292 2107 per
1339 2049 1505 2089 unum
1534 2033 1554 2087 1
1585 2035 1639 2088 in
1687 2031 1925 2107 genitivo
1971 2031 2133 2088 scribi
2171 2049 2335 2106 posse
2378 2034 2678 2091 existimat:
2721 2033 2789 2088 ait
2816 2031 2931 2086 enim

676 2117 946 2174 ‘servandi
988 2120 1198 2174 numeri
1242 2125 1297 2173 et
1341 2115 1550 2173 versns'
1598 2126 1700 2173 etc.
1775 2134 2065 2191 numquam
2110 2118 2253 2174 enim
2298 2118 2401 2173 hoc
2430 2117 2726 2189 intulisset,
2767 2116 2854 2172 nisi
2889 2119 2932 2167 et

678 2200 839 2258 Caelii
883 2209 938 2257 et
968 2201 1204 2257 Numerii
1249 2219 1347 2275 per
1378 2204 1411 2257 ii
1444 2203 1602 2257 huius
1633 2201 1869 2257 Numerii
1904 2202 2201 2258 laciendum
2233 2201 2525 2259 crederet.'
2575 2234 2658 2243 -
2700 2211 2750 2259 et
2789 2200 2932 2275 primo

679 2285 897 2362 quidem
941 2284 1131 2342 Lucilii
1177 2283 1340 2341 verbo
1389 2287 1518 2342 haec
1562 2285 1720 2342 adicit
1765 2286 1921 2341 lanus
1968 2286 2140 2342 Dousa
2197 2286 2291 2342 ‘ita
2335 2288 2437 2342 hos
2484 2304 2674 2344 versus
2717 2302 2776 2343 ex
2815 2302 2856 2337 v.
2893 2299 2929 2336 c.

678 2369 1062 2428 restituimus?
1138 2369 1234 2426 sed
1280 2372 1420 2426 enhn
1466 2387 1533 2426 ne
1564 2371 1752 2426 credas
1799 2387 1989 2443 presso
2021 2370 2167 2445 quod
2213 2373 2361 2427 aiunt
2395 2371 2531 2445 pede
2563 2373 2781 2446 vestigia
2812 2367 2932 2425 illum

680 2465 927 2513 secutum
972 2455 1485 2533 membranae‘ipsis
1534 2451 1748 2511 Dousae
1795 2453 1890 2510 filii
1919 2454 2092 2512 verbis
2125 2457 2448 2529 probiberiS,
2499 2458 2590 2531 qui
2636 2458 2758 2513 haec
2784 2458 2932 2510 notat:

683 2540 780 2597 ‘ita
826 2542 1062 2614 optimos
1107 2541 1209 2597 hos
1254 2555 1440 2596 versus
1486 2556 1550 2595 ex
1601 2542 1771 2597 veteri
1807 2541 1991 2597 codice
2022 2541 2248 2597 Charisii
2294 2542 2435 2598 eruit
2481 2541 2681 2617 pater?
2751 2548 2800 2596 et
2838 2538 2934 2593 her·

682 2625 802 2682 cule
848 2626 935 2682 hic
980 2632 1042 2679 ut
1086 2623 1207 2681 alibi
1257 2625 1559 2680 testimonia
1592 2624 2014 2681 membranarum
2062 2627 2296 2700 propriis
2325 2626 2819 2701 interpolationibus
2846 2632 2937 2700 tur·

682 2709 838 2766 basse
884 2709 1113 2765 Dousam
1157 2708 1352 2765 clamat
1395 2708 1482 2765 res
1527 2711 1657 2782 ipsa.
1736 2710 1968 2781 primum
2015 2711 2154 2766 enim
2202 2713 2456 2767 memoria
2492 2711 2613 2768 libri
2646 2704 2936 2785 Neapolitani

684 2796 775 2870 qui
819 2796 1005 2869 potior
1049 2802 1132 2850 est
1177 2793 1487 2850 Coloniensi
1531 2810 1851 2867 quamquam
1899 2803 1953 2849 et
1997 2797 2117 2868 ipso
2163 2794 2307 2851 bono
2352 2805 2539 2869 aperte
2586 2801 2838 2870 repugnat
2875 2790 2936 2845 eis

684 2897 822 2954 quae
867 2878 1075 2953 prolata
1119 2886 1248 2934 sunt
1291 2877 1354 2933 ab
1400 2877 1518 2950 illo,
1563 2877 1758 2933 deinde
1804 2877 1943 2947 (nam
1978 2880 2117 2935 facili
2164 2897 2290 2935 sane
2320 2896 2508 2936 errore
2537 2890 2766 2955 potuere
2793 2871 2937 2932 omitti

681 2964 771 3020 illa
818 2969 1044 3020 numeri
1085 2970 1142 3019 el
1185 2979 1387 3020 versus
1426 2961 1711 3036 faciendi,
1756 2980 1863 3020 nos
1894 2964 2055 3020 Caeli
2096 2972 2218 3021 ante
2264 2969 2504 3035 numeri,
2554 2982 2655 3023 nec
2698 2966 2857 3021 minus
2892 2961 2937 3012 et

687 3049 868 3105 Caelii
910 3055 1032 3103 ante
1078 3056 1132 3102 et
1177 3045 1455 3119 Numerii)
1506 3046 1834 3103 Cassiodorii
1878 3051 2173 3105 auctoritas
2220 3050 2313 3121 qni
2356 3048 2533 3106 solum
2578 3049 2817 3124 agnoscit
2854 3043 2940 3099 Nu·

687 3133 914 3189 merium
960 3139 1124 3204 atque
1181 3131 1313 3187 adeo
1370 3133 1538 3205 ipsius
1585 3130 1812 3187 Donsae.
1905 3135 1997 3206 qni
2053 3135 2098 3189 si
2155 3149 2362 3190 revera·
2395 3135 2447 3189 in
2506 3134 2693 3190 codice
2748 3148 2835 3190 sno
2875 3127 2938 3182 in·

689 3219 924 3274 venisset
951 3218 1168 3290 *scripta
1213 3224 1267 3272 et
1300 3215 1477 3272 Caelii
1521 3225 1576 3272 ec
1608 3216 1889 3288 Numera,
1937 3217 2130 3274 ibidem
2175 3228 2232 3274 et
2262 3219 2507 3292 oportuit
2536 3217 2773 3276 exhiberi
2800 3216 2941 3272 buius

691 3304 869 3359 Caelii
909 3303 1079 3359 buius
1125 3301 1401 3357 Numerii.
1447 3330 1528 3340 —-
1583 3311 1860 3374 praeterea
1906 3304 2021 3376 ipsa
2069 3297 2227 3359 verba
2271 3304 2468 3376 prioris
2516 3303 2800 3360 hexametri
2839 3295 2939 3353 talia

689 3395 837 3457 sunt,
884 3388 1150 3460 explicare
1196 3393 1254 3441 ut
1299 3384 1452 3442 nullo
1498 3386 1658 3441 modo
1705 3388 1914 3459 possis;
1969 3389 2072 3443 nisi
2117 3390 2237 3461 quis
2277 3389 2529 3460 statuerit
2570 3387 2661 3444 illa
2705 3379 2944 3445 servandi

688 3474 913 3528 numeri
956 3479 1010 3527 et
1054 3487 1257 3528 versus
1294 3471 1555 3543 faciendi
1594 3472 1904 3544 genetivum
1952 3489 2073 3528 esse
2117 3474 2202 3528 cui
2240 3471 2599 3547 supplendum
2645 3474 2719 3529 sit
2762 3481 2940 3528 causm

690 3572 825 3629 quae
871 3555 1076 3631 ellipsis
1119 3564 1203 3611 est
1248 3557 1486 3612 omnium
1531 3557 1819 3614 rarissima.
1877 3587 1960 3597 —-
2018 3559 2187 3631 igitur
2228 3558 2551 3632 interpolata
2598 3566 2729 3614 sunt
2779 3554 2853 3612 illa
2889 3563 2939 3603 ex

688 3640 933 3696 versibus
979 3640 1237 3696 Maronis:

861 3768 947 3823 dic
990 3767 1185 3842 quibus
1230 3771 1286 3824 in
1333 3773 1489 3826 terris
1532 3801 1617 3810 —
1664 3778 1717 3825 et
1762 3760 1868 3825 eris
1914 3770 2043 3829 mihi
2088 3787 2313 3845 magnus
2359 3771 2551 3846 Apollo
2599 3802 2676 3813 -

863 3854 961 3907 tris
1005 3860 1186 3926 pateat
1228 3851 1368 3909 Caeli
1414 3857 1647 3928 spatium
1693 3870 1801 3910 non
1847 3855 2075 3930 amplius
2121 3855 2292 3912 ulnas,

694 4001 852 4040 causa
896 3999 1024 4038 vero
1070 3999 1166 4038 cur
1209 3983 1564 4055 interpolaret
1607 3983 1696 4039 illa
1742 3983 1905 4056 idem,
1951 3984 2054 4040 suit
2092 4002 2248 4041 error
2270 4002 2398 4041 sane
2428 3986 2813 4060 ineptissimus,
2854 3991 2940 4053 (11¹⁰

694 4069 942 4143 plerique
985 4068 1120 4141 lapsi
1164 4076 1473 4123 statuerunt
1518 4067 1780 4125 Lucilium
1826 4069 1879 4124 h.
1915 4087 1962 4125 v.
2011 4086 2171 4142 quem
2216 4069 2253 4124 l.
2290 4065 2419 4125 vnn
2464 4087 2746 4144 perperam
2777 4066 2940 4126 tribue·

696 4162 852 4226 runt,
899 4151 1102 4226 aliquid
1157 4152 1467 4226 praecipere
1529 4152 1595 4208 de
1654 4155 1920 4227 genetivis
1975 4153 2436 4211 substantivorum
2487 4156 2540 4210 in
2590 4155 2674 4210 ins
2732 4149 2810 4212 vel
2857 4149 2940 4204 ium

697 4239 1033 4295 exeuntium:
1091 4235 1185 4293 sed
1231 4238 1373 4293 enim
1418 4253 1682 4311 nusquam
1729 4251 1849 4294 enm
1897 4229 1964 4295 dc'
2010 4239 2114 4295 hoc
2157 4240 2336 4313 egisse
2392 4242 2504 4313 ipsa
2549 4236 2779 4296 Charisii
2819 4229 2940 4290 verba

697 4323 998 4377 conferenti
1054 4322 1209 4379 facile
1263 4321 1556 4396 apparebit.
1648 4322 1715 4378 de
1761 4339 1863 4396 qua
1919 4340 1978 4379 re
2022 4325 2224 4396 primus
2272 4323 2438 4380 Varro
2483 4326 2842 4398 quaestionem
2879 4318 2939 4370 in·

696 4406 938 4461 stituisse
968 4408 1253 4478 invenitur,
1302 4408 1396 4480 qni
1426 4407 1700 4482 praecepit
1740 4406 2038 4464 rationibus
2069 4407 2330 4463 adductus
2362 4410 2660 4465 vanissimis
2694 4417 2753 4465 ut
2781 4400 2938 4477 dupl⁰¹
