3267 5075
782 375 1311 442 QUAESTIONUM
1347 377 1911 433 LUCILIANARUM
1946 379 2180 435 LIBER.
2486 386 2627 449 XXI

328 550 469 609 stilo
498 548 807 608 Luciliano
836 549 1141 624 scripsisse
1171 567 1233 607 se
1262 548 1569 624 gloriatur,
1600 549 1663 607 in
1696 550 1908 626 idyllio
1935 550 2043 622 ΙΙΙ,
2073 550 2176 610 ubi
2218 550 2505 610 heredioli
2531 571 2628 608 ru-

328 659 465 718 stici
491 658 925 717 iucunditatem
954 659 1017 715 et
1042 656 1202 716 vitae
1231 656 1585 738 abstinentis
1614 676 1683 716 ao
1712 675 1924 732 parcae
1952 657 2110 716 bona
2137 656 2435 729 describit,
2477 659 2627 717 mul-

325 769 461 825 tum
490 784 781 843 agnoscas
809 784 996 825 venae
1024 765 1382 824 Lucilianae.

509 872 803 933 Servius
851 873 1007 931 unde
1050 872 1373 948 sumpserit
1408 871 1720 930 Luciliana
1756 874 1830 930 ut
1871 891 1988 932 non
2027 873 2173 932 satis
2211 876 2447 933 constat
2484 866 2627 956 (nisi

325 981 608 1040 credetur
641 979 966 1055 sumpsisse
1008 998 1046 1037 a
1069 977 1310 1039 Valerio
1330 979 1524 1038 Probo
1553 970 1826 1058 minore),
1855 979 1943 1038 ita
1967 979 2117 1038 illud
2145 979 2397 1060 firmiter
2423 983 2626 1039 tenen-

324 1088 471 1146 dum
510 1107 648 1146 011111
676 1105 869 1162 neque
906 1086 1104 1161 ipsum
1133 1086 1496 1161 excerpsisse
1533 1086 1720 1145 libros
1748 1084 1963 1145 Lucilii
2000 1105 2191 1162 neque
2218 1087 2500 1148 habuisse
2530 1108 2626 1148 ex-

323 1197 535 1270 cerpta
570 1213 643 1251 ex
678 1193 849 1252 libris
878 1192 935 1250 V
960 1192 1295 1268 postremis,
1364 1193 1522 1269 quod
1564 1195 1772 1252 contra
1806 1192 2220 1270 Philargyrius
2264 1213 2334 1252 ex
2376 1195 2415 1254 1.
2458 1195 2622 1254 XXX

324 1301 518 1382 petita
547 1301 760 1360 adfert.
786 1331 861 1340 -
896 1302 1161 1359 ceterum
1186 1317 1340 1375 quae
1368 1299 1431 1357 in
1459 1320 1577 1359 uno
1606 1301 1871 1359 alterove
1893 1299 2083 1360 Servii
2112 1301 2309 1360 codice
2337 1303 2623 1377 adspersa

324 1409 614 1485 leguntur
628 1407 867 1480 scholia,
885 1419 957 1483 ex
971 1407 1151 1466 Festo
1167 1407 1417 1483 aliisque
1433 1408 1621 1467 obviis
1638 1407 1981 1466 auctoribus
1997 1409 2341 1483 provenisse
2357 1413 2623 1485 apparet.

505 1514 950 1574 Veronensia
974 1493 1308 1589 'Vergilii
1355 1515 1630 1574 scholia
1678 1518 1749 1572 ut
1794 1513 2032 1573 omnino
2080 1515 2262 1573 etiam
2294 1516 2368 1573 -in
2410 1515 2625 1575 Lucilii

324 1622 682 1698 fragmentis
719 1621 1011 1698 quaedam
1049 1620 1397 1680 eruditionis
1440 1621 1682 1679 minime
1725 1621 2092 1696 spernendae
2135 1642 2278 1697 prae
2321 1641 2385 1682 se
2421 1623 2624 1682 ferunt

323 1729 664 1804 specimina.

504 1836 867 1896 Macrobiu
881 1855 907 1894 s
936 1835 1171 1911 quaein
1190 1834 1597 1894 Saturnalium
1616 1835 1787 1895 libris
1808 1855 1879 1895 ex
1899 1836 2126 1896 Lucilio
2147 1838 2337 1908 affert,
2361 1857 2431 1896 ex
2452 1842 2622 1913 parte

323 1945 604 2018 surrepta
631 1933 824 2003 Gellio
862 1944 1081 2002 clamat
1115 1961 1212 2001 res
1250 1942 1396 2017 ipsa.
1455 1945 1654 2002 cetera
1680 1944 1838 2003 unde
1868 1945 2047 2002 ducta
2084 1944 2205 2002 sint
2230 1944 2456 2020 ignoro.
2515 1918 2647 2004 nec·

320 2052 527 2108 tamen
563 2048 815 2109 lectione
852 2049 1040 2125 ipsius
1069 2048 1286 2107 Lucilii
1321 2052 1468 2125 puto
1506 2053 1874 2127 comparata3
1912 2051 2088 2110 nimis
2119 2051 2278 2109 enim
2312 2054 2405 2111 est
2432 2052 2621 2128 impu-

319 2156 469 2216 dens
500 2156 865 2231 compilator.

502 2261 982 2341 Hieronymus
1036 2265 1232 2341 siquid
1270 2264 1516 2340 profert,
1559 2265 1718 2341 quod
1747 2266 1823 2324 ad
1865 2264 2162 2324 Lucilium
2190 2265 2503 2339 pertineat,
2549 2284 2621 2324 ex

319 2369 604 2430 Cicerone
646 2370 1013 2448 Horatioque
1056 2375 1119 2431 et
1161 2370 1442 2432 Suetonio
1484 2372 1691 2449 petiit3
1738 2373 1892 2432 sicut
1931 2372 2162 2447 reliqua
2189 2371 2315 2430 fere
2356 2390 2509 2447 quae
2548 2390 2620 2431 ex

317 2477 532 2553 priscis
552 2478 744 2554 poetis
773 2478 948 2538 affert
975 2482 1213 2555 praeter
1232 2479 1513 2539 Plautum
1543 2482 1604 2539 et
1623 2479 1969 2551 Terentium
1997 2499 2116 2540 non
2144 2480 2221 2539 ab
2249 2479 2393 2555 ipsis
2422 2482 2621 2540 aucto-

317 2586 485 2644 ribus
519 2586 845 2661 sumpsisse
875 2587 1302 2646 existimandus
1333 2590 1441 2646 est.
1497 2589 1657 2663 quod
1696 2606 1829 2646 cum
1858 2588 1946 2646 ita
1973 2589 2067 2662 sit,
2107 2608 2225 2648 non
2252 2588 2619 2660 mirabimur,

316 2693 476 2769 quod
515 2693 699 2752 etiam
726 2713 904 2754 versu
932 2695 1230 2754 trochaico
1258 2693 1476 2753 Lucilii
1502 2694 1711 2753 utitur.
1747 2726 1822 2735 -
1856 2694 1919 2753 in
1946 2694 2235 2754 chronicis
2268 2694 2619 2754 Suetonium

316 2802 386 2858 ut
421 2800 545 2858 dixi
585 2804 823 2860 secutus
862 2803 956 2859 est
991 2820 1109 2860 non
1147 2802 1272 2860 sine
1301 2820 1523 2877 magna
1548 2801 1812 2875 levitate,
1855 2820 2007 2877 quae
2045 2801 2252 2861 multis
2291 2802 2616 2875 doctorum,

313 2907 417 2983 qui
447 2907 665 2966 Lucilii
694 2908 1058 2984 descripsere
1086 2909 1288 2982 vitam,
1318 2909 1436 2967 fuit
1461 2910 1695 2968 damno,

497 3015 896 3075 Martianus
928 3015 1224 3091 Capella
1251 3037 1368 3092 quo
1387 3016 1516 3076 loco
1531 3015 1748 3076 Lucilii
1767 2995 2113 3076 memoriam
2132 3015 2313 3089 inicit,
2329 3015 2615 3089 Varrone,

313 3122 487 3181 cuius
525 3118 830 3182 doctrinae
867 3142 974 3199 per
1001 3124 1199 3184 varios
1236 3112 1433 3184 fontes
1472 3124 1548 3183 ad
1586 3124 1785 3199 ipsum
1814 3122 2186 3182 defluxerant
2211 3124 2407 3197 rivuli,
2450 3142 2616 3199 repe-

311 3229 472 3288 ritur
500 3248 631 3288 esse
661 3249 824 3289 usus.

494 3334 661 3406 Quae
703 3335 966 3397 Acroni
1006 3339 1365 3398 adscribitur
1402 3356 1717 3414 perperam
1756 3337 2114 3396 scholiorum
2150 3336 2615 3397 Horatianorum

310 3444 556 3519 farrago
601 3435 710 3524 (ea
749 3444 916 3503 miris
958 3448 1118 3504 certe
1160 3445 1351 3506 modis
1394 3436 1792 3523 interpolata)
1837 3461 2244 3519 quaecumque
2286 3462 2359 3502 ex
2402 3444 2613 3503 Lucilii

309 3550 483 3610 libris
513 3550 769 3624 exhibet,
799 3551 924 3610 fere
953 3570 1025 3610 ex
1042 3551 1470 3630 Porphyrionis
1500 3553 1971 3612 commentorum
2000 3550 2339 3626 exemplari,
2370 3551 2465 3610 hic
2493 3550 2614 3610 illic

308 3657 701 3734 locupletiore
742 3678 923 3734 quam
964 3679 1081 3736 quo
1123 3679 1231 3719 nos
1273 3660 1513 3733 utimur,
1557 3659 1674 3716 huc
1716 3659 2010 3718 translata
2051 3677 2170 3717 non
2211 3661 2306 3717 est
2348 3659 2612 3719 dubium.

309 3766 387 3824 de
427 3764 705 3853 Gallonio
746 3785 1035 3843 praecone
1077 3787 1230 3844 quae
1271 3769 1557 3827 notantur
1598 3767 1675 3825 ad
1718 3768 1828 3825 sat.
1871 3764 1947 3838 Π,
1991 3766 2045 3839 2,
2086 3766 2188 3837 47,
2228 3783 2300 3824 ea
2336 3784 2408 3823 ex
2444 3766 2612 3825 libris

310 3892 519 3936 eorum
558 3874 661 3949 qui
698 3874 772 3932 de
808 3875 1079 3950 personis
1108 3873 1346 3934 Horatii
1383 3874 1749 3950 scripserunt
1776 3873 1956 3932 ducta
1983 3892 2113 3932 esse
2141 3875 2494 3949 putaverim.
2532 3906 2605 3916 -

306 4002 462 4059 quae
480 3983 771 4059 leguntur
798 3981 859 4040 in
878 3983 1220 4058 prohoemio
1250 3985 1605 4055 saturarm,
1637 3982 1896 4041 maxima
1927 4000 2000 4039 ex
2027 3984 2198 4056 parte
2226 3981 2299 4040 de
2330 3980 2612 4041 Suetonio

309 4091 404 4151 vel
431 4091 566 4166 ipso
585 4088 839 4149 Horatio
859 4089 1051 4165 petita
1078 4108 1209 4149 esse
1237 4092 1502 4167 apparet.
1530 4121 1604 4129 -
1641 4091 1906 4148 ceterum
1923 4089 2208 4165 pleraque
2233 4107 2439 4148 eorum
2458 4108 2610 4164 quae

306 4198 480 4275 quasi
508 4196 820 4255 Luciliana
857 4200 1133 4271 prostant
1168 4198 1327 4273 apud
1355 4196 1666 4269 Acronem,
1710 4216 1828 4257 non
1856 4198 2133 4272 prostant
2158 4196 2317 4271 apud
2345 4196 2611 4273 Porphy-

304 4305 554 4378 rionem,
586 4304 970 4364 librariorum
998 4303 1148 4363 dolis
1179 4303 1417 4363 satirico
1445 4303 1630 4362 tribui
1659 4303 2058 4363 manifestum.

487 4411 733 4474 Persii
762 4414 825 4471 et
851 4410 1220 4473 Iuvenalis
1250 4411 1688 4472 scholiastae
1718 4410 2040 4489 dactylicos
2071 4410 2265 4470 solum
2282 4409 2611 4487 respiciunt
