3267 5075
1306 391 1524 445 LIBER
1558 391 1756 446 XXVI.
2593 393 2628 457 7
2634 395 2676 458 9

1352 552 1450 619 IV
1498 550 1631 642 [34]
1664 554 1705 617 d

460 666 510 731 5
560 715 1030 739 „„„„„„„„
1089 688 1209 753 ego
1256 669 1369 734 ubi
1402 690 1601 754 quem
1651 690 1727 733 ex
1771 669 2160 753 praecordiis

564 781 773 846 ecfero
819 803 1073 846 versum
1165 833 1762 854 „„„„„„„„„„

1372 897 1435 963 V
1485 895 1617 985 [64]
1651 920 1685 962 e

565 1012 795 1077 evadat
840 1013 1069 1077 saltem
1115 1013 1355 1098 aliquid
1401 1014 1616 1099 aliquo
1625 1064 1644 1098 ,
1694 1013 1864 1098 quod
1911 1018 2177 1079 conatus
2225 1036 2367 1079 sum
2411 1059 2449 1079 ν
2473 1068 2514 1080 .-

1350 1127 1446 1192 VI
1495 1125 1628 1215 [59]
1662 1150 1702 1192 a

562 1264 754 1326 porro
803 1244 1058 1308 amiciet
1100 1244 1263 1309 bene
1307 1244 1700 1328 praecipere,
1747 1243 1938 1310 Tusci
1984 1245 2146 1310 bene
2191 1247 2573 1330 praedicere.

1337 1359 1462 1424 VII
1512 1356 1646 1446 [23]
1679 1360 1721 1423 b

564 1478 640 1536 ut
683 1494 803 1559 ego
850 1474 1124 1539 efficiam
1172 1475 1342 1559 quod
1385 1479 1451 1538 te
1486 1474 1556 1539 in
1591 1475 1818 1559 primis
1854 1497 2083 1560 cupere
2122 1478 2321 1561 apisci
2359 1478 2682 1564 intellego.

1328 1588 1489 1655 VIII
1540 1586 1674 1676 [50]
1707 1612 1740 1655 c

416 1705 514 1769 10
564 1705 736 1769 hunc
781 1704 1070 1770 laborem
1117 1727 1360 1790 sumas,
1418 1705 1674 1771 laudem
1730 1707 1839 1790 qui
1883 1707 2003 1771 tibi
2049 1728 2123 1771 ac
2172 1706 2452 1772 fructum
2497 1707 2682 1773 ferat.

1352 1819 1447 1885 IX
1497 1818 1631 1908 [49]
1665 1821 1706 1885 d

565 1935 718 2018 quid
765 1936 1116 2000 cavendum
1162 1937 1282 2001 tibi
1329 1958 1645 2115 ceaneres,
1693 1936 1845 2022 quid
1892 1937 2226 2001 vitandum
2272 1938 2614 2002 maxume?

934 2129 944 2134 -
1371 2049 1615 2139 X[29]
1649 2074 1683 2116 e

566 2188 917 2251 numquam
954 2166 1115 2250 priu’
1153 2189 1346 2251 quam
1383 2190 1581 2233 venas
1617 2167 1899 2232 hominis
1936 2167 2152 2252 tetigit
2181 2189 2254 2232 ac
2291 2170 2679 2252 praecordia.

1365 2279 1641 2369 X1[36]
1674 2283 1707 2345 f

567 2396 662 2460 ita
705 2398 802 2490 uti
837 2399 1105 2483 quisque
1142 2403 1437 2464 nostrum
1475 2420 1509 2462 e
1546 2399 1808 2483 bulgast
1842 2398 2068 2462 matris
2106 2398 2175 2462 in
2210 2398 2417 2463 lucem
2457 2399 2683 2465 editus·

1233 2512 1359 2578 XII
1408 2510 1552 2601 [inc.
1582 2509 1711 2600 ,66]
1752 2511 1840 2600 g*

568 2628 625 2692 si
667 2628 789 2693 tibi
833 2651 1026 2714 porro
1069 2630 1269 2694 istaec
1313 2652 1416 2694 res
1453 2629 1629 2694 cordi
1667 2628 1985 2715 idcircost,
2031 2628 2201 2714 quod
2245 2651 2385 2693 rere
2430 2631 2679 2717 utilum,

370 2877 458 2927 M.
495 2876 713 2928 'Pullius
736 2904 805 2914 --
829 2878 1143 2929 Lucilius
1165 2877 1263 2929 lib.
1291 2877 1488 2932 XXVI.
1594 2876 1674 2929 IV
1721 2876 2008 2939 Νοιι.297,
2036 2880 2098 2927 14
2132 2879 2384 2929 efferre
2408 2877 2685 2942 significat

373 2944 644 3012 proferre.
696 2973 744 2980 —-
781 2946 1059 3010 Vergilius
1081 2971 1146 2980 —
1173 2946 1485 2997 Lucilius
1508 2945 1604 2999 lib.
1630 2944 1830 2995 XXVI.
1932 2945 1982 2996 V
2024 2945 2164 2995 Non.
2191 2949 2308 3009 293,
2335 2949 2367 2996 2
2403 2948 2684 2997 evadere

373 3014 535 3064 exire
569 3012 802 3064 tendere.
875 3015 1163 3065 Terentius
1201 3040 1263 3049 —
1300 3013 1612 3064 Lucilius
1639 3012 1733 3065 lib.
1759 3012 1941 3063 XXVI
1982 3011 2213 3075 (XXVII
2236 3016 2299 3076 B,
2324 3014 2459 3065 Gen.
2464 3014 2502 3077 ).
2604 3015 2683 3066 V1

376 3083 526 3131 Non.
553 3083 672 3144 371,
699 3084 765 3133 33
791 3083 1186 3146 praecipere
1210 3087 1295 3132 est
1318 3082 1499 3132 iubere
1523 3080 1608 3130 vel
1633 3095 1869 3131 monere.
1918 3080 2192 3144 Vergilius
2217 3107 2281 3117 —
2307 3082 2595 3134 Terentius
2623 3109 2685 3118 —

386 3147 703 3199 Lucilius
738 3147 834 3201 lib.
870 3149 1069 3200 XXVI.
1172 3149 1278 3200 VII
1323 3150 1461 3200 Non.
1488 3151 1571 3211 74,
1596 3151 1664 3200 29
1700 3148 1920 3212 apisci
1953 3147 2196 3214 adipisci.
2246 3149 2558 3200 Lucilius
2591 3149 2685 3200 lib.

386 3216 592 3270 XXVI.
697 3216 834 3267 VIII
878 3218 1019 3268 Non.
1056 3219 1174 3279 396,
1199 3219 1232 3268 8
1269 3231 1519 3268 sumere
1552 3216 1851 3282 suscipere.
1907 3215 2223 3267 Lucilius
2260 3216 2353 3266 lib.
2378 3216 2579 3267 XXVI.

382 3283 470 3334 IX
516 3284 657 3334 Non.
682 3286 804 3348 437,
829 3286 895 3334 22
918 3284 1065 3335 inter
1097 3299 1331 3334 cavere
1355 3289 1412 3335 et
1436 3282 1994 3351 vitare-Lucilius
2029 3298 2144 3334 esse
2169 3284 2485 3334 distantiam
2508 3284 2688 3335 voluit

384 3351 486 3402 lib.
522 3350 708 3401 XXVI
732 3356 789 3402 et
813 3366 932 3403 esse
957 3351 1080 3418 plus
1105 3352 1296 3402 vitare.
1391 3353 1439 3401 X
1485 3351 1625 3404 Non.
1656 3352 1774 3415 408,
1801 3353 1867 3401 24
1903 3356 2180 3415 tangere
2218 3352 2500 3416 inspicere.
2555 3352 2686 3402 Lu·

389 3418 602 3470 cilius
629 3418 723 3469 lib.
753 3419 946 3469 XXVI.
1021 3418 1131 3469 ·X1
1175 3421 1314 3473 Non.
1342 3421 1425 3481 78,
1453 3423 1485 3470 3
1509 3436 1553 3470 s.
1584 3436 1631 3473 v.
1670 3417 1874 3483 bulga
1897 3445 1966 3454 —
1990 3418 2237 3469 Lucilius
2261 3422 2567 3481 satyrarum
2590 3419 2687 3469 lib.

390 3488 470 3538 VI
498 3513 563 3522 —
587 3487 767 3537 Varro
798 3512 851 3522 --
884 3486 1196 3538 Lucilius
1224 3487 1314 3537 lib.
1343 3487 1540 3537 XXVI.
1646 3486 1753 3537 XII
1813 3487 1952 3537 Non.
1988 3488 2071 3544 88,
2108 3489 2173 3536 31
2213 3502 2256 3540 s,
2281 3503 2331 3537 V.
2369 3486 2551 3537 cordi
2584 3492 2687 3537 est

396 3581 460 3591 -
494 3553 815 3605 Lucilius
849 3554 944 3605 lib.
980 3554 1163 3605 XXVI
1199 3582 1263 3591 —
1298 3555 1597 3620 idemque
1653 3555 1724 3616 (h.
1762 3571 1813 3608 v,
1852 3554 1987 3604 satis
2027 3552 2382 3618 probabiliter
2413 3553 2617 3604 Lucilii
2649 3555 2685 3604 l.

390 3621 594 3687 XXVI,
622 3623 778 3673 cuius
802 3622 907 3672 tria
932 3623 1253 3674 continuata
1277 3627 1689 3688 praecesserant
1712 3620 1973 3686 exempla,
1996 3621 2281 3672 adscribas
2304 3625 2358 3671 et
2381 3622 2599 3687 ipsum).

475 3878 483 3883 ·
565 3856 602 3913 5
650 3871 788 3929 ergo
836 3855 907 3911 Β.
1040 3855 1077 3913 6
1121 3857 1265 3912 idem
1313 3854 1497 3912 effero.
1633 3855 1669 3911 7
1716 3851 1893 3909 evadit
1922 3851 1996 3908 Β.
2047 3883 2124 3893 -
2171 3851 2354 3926 aliquo
2383 3853 2467 3926 M,
2512 3854 2688 3927 aliqua

394 3941 525 3997 cdd.
599 3972 606 3979 ·
656 3940 694 3997 8
740 3940 903 3996 etnici
948 3939 1022 3995 Β.
1070 3968 1154 3982 --
1199 3940 1359 3996 Tusci
1404 3940 1517 4012 Me,
1565 3940 1710 3995 tueri
1743 3957 1794 3996 v.
1843 3967 1925 3978 —
1968 3936 2279 4012 praedIcere
2323 3940 2489 4011 idem,
2533 3955 2687 4012 prae·

393 4023 573 4080 dicare
617 4026 746 4081 cdd.
879 4023 915 4082 9
961 4022 1188 4081 efficiam
1218 4024 1472 4096 LipsiuS,
1518 4024 1760 4079 effuciam
1806 4022 1852 4078 L
1887 4022 1916 4076 1
1955 4040 2030 4079 m.
2069 4022 2125 4094 1,
2171 4022 2405 4079 effutiam
2451 4025 2595 4080 idem
2627 4020 2689 4095 2,

393 4108 646 4184 effugiam
695 4109 761 4165 G.
805 4138 889 4150 —
934 4107 1078 4181 quod
1126 4125 1232 4183 ego
1280 4109 1346 4181 G,
1391 4126 1503 4165 non
1549 4108 1595 4164 L
1646 4107 1951 4163 1.11
2008 4123 2259 4163 censeres
2304 4107 2420 4177 Me,
2465 4123 2687 4164 censere

393 4229 523 4284 cdd.
579 4228 683 4299 (in
707 4227 755 4284 G
810 4233 896 4283 est
949 4242 1109 4283 oense
1140 4196 1218 4300 );
1262 4224 1535 4281 vitandum
1580 4224 1674 4281 tibi
1722 4225 1944 4280 maxime
1988 4221 2035 4280 Z
2081 4223 2368 4280 2.12
2413 4239 2687 4296 nunquam

393 4314 482 4369 ed.
535 4311 869 4369 Turicensis
912 4311 1139 4383 Luczlii,
1183 4326 1414 4385 nequam
1460 4311 1587 4367 cdd.
1737 4308 1813 4365 13
1861 4310 1937 4364 uti
1983 4309 2065 4381 M,
2111 4315 2173 4364 ut
2216 4328 2267 4365 v.
2414 4307 2492 4364 14
2538 4308 2688 4366 cordi

394 4395 656 4453 idcircost
699 4396 783 4470 M,
826 4395 1030 4452 idcirco
1076 4404 1160 4452 est
1204 4395 1354 4451 cordi
1400 4396 1526 4451 cdd.
1578 4424 1653 4434 —
1703 4408 1763 4448 re
1803 4395 1968 4465 idem,
2018 4410 2174 4450 corr.
2223 4392 2353 4450 Iun.
