3267 5075
1302 393 1520 447 LIBER
1554 392 1649 447 Vl.
2540 389 2624 452 35

1321 554 1443 619 XX
1490 546 1649 636 [16]·

501 673 625 737 hac
670 677 741 758 tu
789 673 870 736 ab
918 694 986 736 re
1033 671 1237 735 credis
1284 693 1670 754 quemquam
1714 671 1953 733 latrina
1998 669 2275 753 petisse?

1320 829 1475 894 XXI
1523 832 1618 911 [7]

358 958 456 1021 30
504 1007 786 1026 υυυυυ
794 1008 846 1026 ν
869 1016 910 1025 -
961 957 1070 1040 qui
1115 959 1179 1020 te
1223 954 1418 1019 bonu’
1464 954 1779 1038 Iuppiter,
1827 954 2065 1037 inquit,

504 1070 736 1136 Crasso
783 1070 1009 1135 Mutiu’
1058 1094 1204 1136 cum
1251 1071 1526 1135 cenabat
1570 1119 1907 1139 υυυυυυ

500 1231 726 1275 „03-
778 1188 1110 1252 dominum
1156 1187 1416 1250 fortem!
1498 1233 1905 1253 „s-„„-„
1943 1189 1968 1198 ‘

1314 1344 1502 1409 XXII
1549 1346 1644 1425 [2]

503 1494 694 1557 quem
739 1494 945 1557 neque
990 1470 1266 1536 Lucanis
1314 1469 1567 1534 oriundi
1613 1468 1926 1532 montibu'
1971 1471 2140 1534 tauri

505 1587 731 1651 ducere
778 1588 1024 1671 protelo
1070 1587 1297 1650 validis
1344 1582 1679 1649 cervicibu’
1726 1589 2006 1666 possent.

1269 1744 1487 1808 ΧΧΙΠ
1535 1747 1676 1824 [11]

364 1872 456 1937 35
503 1872 593 1935 mi
641 1872 705 1935 id
752 1872 959 1935 solum
1008 1870 1310 1934 adversae
1355 1870 1652 1933 fortunae
1698 1890 1890 1952 reque
1939 1869 2198 1933 resistit.

1269 2028 1485 2092 XXIV
1535 2029 1675 2108 [22]

570 2204 1210 2225 „„„„„„„„„„„
1273 2151 1748 2216 Sardiniensem

503 2274 761 2334 terram.

1179 2399 1364 2465 XXV
1412 2400 1583 2484 [VII‚
1630 2400 1699 2480 5]
1730 2401 1800 2464 b·

504 2589 546 2597 ,
569 2576 909 2597 „„„„„„
963 2528 1354 2590 servorumst
1398 2523 1583 2589 festu'
1631 2525 1766 2589 dies
1812 2524 1942 2609 hic,

505 2664 696 2728 quem
742 2642 931 2724 plane
975 2641 1345 2705 hexametro
1392 2663 1581 2705 versu
1624 2662 1760 2705 non
1805 2640 2010 2705 dicere
2055 2642 2284 2725 possis.

460 2907 568 2958 XX
610 2907 754 2958 Non.
778 2909 895 2970 212,
921 2909 951 2958 7
985 2901 1244 2974 lati-insa
1278 2921 1472 2973 genere
1495 2905 1752 2956 feminino
1791 2902 1865 2968 (et
1890 2912 1975 2957 est
1999 2907 2287 2965 lavatrina,
2314 2909 2456 2973 quod
2482 2925 2627 2959 nunc

320 2977 578 3028 balneum
614 2975 839 3032 dicitur)
874 3003 937 3011 —-
977 2980 1169 3025 neutro
1214 2975 1479 3024 Laberius
1518 3002 1577 3012 —
1619 2975 1933 3024 Lucilius
1968 2974 2062 3025 lib.
2099 2975 2193 3029 VI.
2298 2976 2431 3026 XXI
2482 2976 2624 3028 Non.

320 3048 440 3107 281,
478 3048 540 3095 21
580 3044 889 3093 dominus
926 3059 1139 3094 rursum
1171 3041 1484 3107 appellatur
1519 3043 1758 3093 convivii
1794 3041 2083 3104 exhibitor,
2126 3044 2266 3094 unde
2302 3050 2359 3096 et
2394 3045 2628 3094 dominia

322 3114 598 3164 convivia.
650 3112 957 3161 Lucilius
996 3115 1299 3174 satyrarum
1323 3109 1418 3159 lib.
1443 3110 1536 3160 VI.
1643 3109 1804 3160 XXII
1861 3109 2002 3160 Non.
2029 3112 2147 3175 363,
2173 3114 2205 3161 5
2243 3111 2520 3176 protelo·
2544 3116 2629 3161 est

321 3197 484 3246 porro
510 3178 598 3244 (c'f.
627 3177 1089 3242 commentarius),
1116 3232 1119 3237 Δ
1145 3177 1391 3228 Lucilius
1415 3184 1729 3241 satyrarum
1753 3178 1847 3230 lib.
1881 3176 1970 3228 Vr
1992 3178 2137 3244 (III,
2174 3179 2261 3229 VI
2286 3196 2354 3229 m.
2379 3182 2409 3229 2
2434 3180 2493 3228 in
2516 3194 2626 3231 rae.

323 3264 491 3314 supra
527 3249 572 3298 L
612 3248 683 3310 1).
789 3245 978 3297 XXIII
1036 3246 1178 3300 Non.
1216 3248 1343 3305 500,
1381 3249 1441 3296 17
1479 3245 1755 3296 ablativus
1789 3261 1886 3309 pro
1923 3248 2173 3310 genetivo
2211 3274 2276 3282 —
2312 3246 2629 3296 Lucilius

322 3322 639 3379 satyrarum
674 3314 769 3364 lib.
808 3314 835 3363 I
869 3340 934 3349 -
968 3314 1106 3363 idem
1141 3312 1236 3363 lib.
1275 3312 1369 3362 VI.
1473 3312 1656 3362 XXIV
1711 3312 1910 3377 Porph.
1947 3314 2017 3363 ad
2051 3315 2183 3364 Hor.
2221 3318 2326 3364 sat.
2364 3315 2409 3376 Ι,
2433 3316 2482 3375 3,
2509 3317 2559 3377 3,
2595 3317 2629 3363 4

321 3382 692 3434 adnotandum
717 3396 848 3447 ergo
872 3385 927 3430 et
951 3381 1178 3431 Sardum
1202 3386 1256 3430 et
1283 3379 1789 3430 Sardiniensem
1811 3380 1918 3430 dici
1936 3397 2119 3445 posse.
2163 3380 2300 3431 Nam
2323 3381 2630 3431 Lucilius

322 3450 703 3515 (Lucilium
737 3444 906 3514 Mon.)
945 3447 1340 3500 Sardiniensem
1374 3447 1513 3497 dixit
1547 3447 1605 3497 in
1647 3453 1799 3498 sexto
1836 3447 2051 3512 (sexta
2086 3447 2256 3511 Mon.)
2305 3452 2627 3499 saturarum.

406 3517 567 3569 XXV
601 3516 801 3582 Porph.
823 3516 1041 3566 adHor.
1062 3520 1165 3567 sat.
1194 3517 1235 3577 1,
1259 3517 1308 3577 5,
1331 3516 1417 3577 87,
1436 3516 1503 3567 88
1536 3516 1833 3566 mansuri
1858 3515 2202 3580 oppidulo,
2229 3516 2398 3581 quod
2433 3532 2630 3567 versu

324 3587 549 3637 dicere
584 3601 711 3634 non
746 3589 874 3646 est,
910 3584 1131 3647 signis
1169 3582 1588 3648 perfacilest:
1627 3582 1843 3647 Equum
1867 3580 2123 3633 Tuticum
2148 3581 2438 3647 significat,
2474 3585 2630 3634 cuius

322 3669 522 3705 nomen
568 3652 887 3702 hexametro
949 3651 1317 3716 (exametro
1356 3651 1524 3709 Mon.)
1572 3665 1735 3701 versu
1783 3649 2032 3714 conpleri
2078 3666 2188 3701 non
2235 3655 2434 3716 potest.
2525 3651 2629 3701 hoc

325 3727 509 3772 autem
554 3722 657 3771 sub
704 3719 951 3784 exemplo
994 3718 1252 3769 Lucilii
1296 3719 1513 3782 posuit,
1566 3734 1692 3768 nam
1735 3717 1828 3767 ille
1871 3718 1930 3767 in
1975 3723 2132 3768 sexto
2178 3724 2485 3769 saturarum
2529 3721 2630 3783 (ita

252 3826 263 3832 -
325 3790 480 3854 cdd„
537 3790 594 3838 in
652 3787 937 3852 septimo
991 3790 1112 3839 sat.
1167 3785 1282 3840 edd.
1339 3786 1573 3851 priscae,
1619 3800 1720 3835 nec
1765 3784 1926 3835 aliter
1959 3782 2170 3852 Dousa)
2210 3787 2292 3838 sic
2327 3786 2422 3837 ait.

496 4056 578 4113 29
626 4056 726 4112 hac
769 4063 829 4111 tu
875 4053 940 4111 ab
997 4071 1063 4110 re
1104 4054 1196 4125 M,
1255 4054 1362 4110 hoc
1416 4062 1477 4109 tu
1534 4061 1658 4127 apte
1716 4055 1841 4114 cdd.
1898 4082 1987 4095 —
2042 4055 2216 4112 credis
2272 4055 2399 4128 Dp,
2455 4053 2630 4110 credit

328 4145 549 4214 scripti.
683 4141 761 4197 31
809 4139 1040 4196 Mucium
1073 4141 1199 4196 cdd.
1284 4186 1293 4191 -
1334 4138 1415 4196 34
1459 4137 1643 4193 duceri
1683 4138 1757 4209 B,
1791 4139 1931 4195 Gen.
1975 4171 2060 4180 ——
2104 4138 2349 4196 cervibus
2396 4140 2502 4195 eid.

325 4228 405 4284 35
453 4227 525 4282 mi
572 4225 627 4280 id
673 4224 756 4295 M,
802 4225 882 4297 ef.
939 4226 995 4283 d.
1065 4242 1116 4280 r.
1170 4232 1249 4279 m:
1299 4222 1412 4294 39,
1471 4231 1527 4278 et
1581 4222 1637 4278 id
1681 4225 1840 4287 cdd.;
1898 4224 1952 4279 id
1998 4241 2048 4280 v.
2105 4254 2190 4265 —
2253 4225 2442 4296 reique
2486 4224 2634 4279 libri

327 4310 362 4384 (i
406 4317 468 4366 ut
512 4311 623 4367 vid.
668 4327 741 4365 m.
787 4308 823 4364 2
868 4310 928 4364 in
971 4308 1017 4363 L
1065 4308 1155 4382 1),
1203 4325 1356 4365 corr.
1403 4307 1689 4380 GifaniuS.
1743 4338 1799 4350 —
1846 4310 2058 4365 resistit
2120 4312 2179 4365 in
2225 4325 2378 4379 raa,
2427 4309 2495 4363 tit
2545 4324 2623 4364 ex

330 4404 405 4451 tat
443 4395 615 4467 facto
662 4395 747 4451 G..
899 4393 977 4450 39
1023 4401 1297 4450 examen-o
1340 4392 1497 4448 Mon.
2609 4406 2614 4409 ·

2127 4489 2205 4543 3*
