3267 5075
1282 381 1500 436 LIBER
1537 381 1709 437 VIIII.
2554 378 2643 441 45

1221 542 1315 608 IX
1362 545 1511 625 [ine.
1557 545 1671 625 97]
1700 542 1768 608 i*
1858 540 1876 554 “

392 672 480 735 10
524 724 566 735 -
586 716 623 733 υ
647 715 682 734 υ
735 668 1010 734 Cecilius
1057 670 1275 752 pretor
1319 690 1402 732 ne
1448 668 1708 733 rusticu⁷
1755 668 1886 730 fiat.

1224 826 1287 891 X
1333 829 1481 910 [inc.
1529 827 1642 908 98]
1672 828 1759 891 k*

528 976 679 1040 ergo
726 957 1162 1039 praetorumst
1208 955 1357 1016 ante
1403 955 1470 1016 et
1511 974 1666 1036 prae
1711 953 1804 1016 ire
1864 1001 2152 1022 „„„„„

1350 1110 1444 1175 XI
1490 1112 1585 1193 [6]
1615 1113 1639 1175 l

528 1240 656 1304 iam
701 1239 922 1323 puerei
966 1258 1214 1301 venere.
1304 1257 1339 1299 e
1385 1240 1781 1321 postremum
1827 1236 2022 1301 facito
2069 1240 2260 1320 atque
2307 1237 2329 1301 i
2337 1286 2356 1320 ,

526 1358 598 1418 ut
642 1355 824 1438 pueri
872 1354 1083 1437 plures
1131 1353 1308 1416 fiant.
1399 1352 1422 1415 i
1469 1352 1524 1414 si
1571 1351 1713 1416 faci'
1761 1352 1995 1436 solum,

523 1471 778 1556 pupilli,
821 1469 1029 1553 pueri,
1074 1467 1281 1533 Lucili
1325 1466 1448 1532 hoc
1494 1467 1667 1532 uniu⁷
1713 1468 1841 1533 fiet.

1314 1625 1442 1691 XII
1487 1627 1584 1710 [6]
1614 1651 1682 1692 m

395 1755 479 1820 15
526 1755 672 1820 ‘hoc
717 1754 814 1819 illi
858 1752 1167 1819 factumst
1209 1752 1374 1816 uni':
1420 1755 1614 1816 tenue
1658 1752 1802 1817 heic
1846 1750 2043 1816 facies
2088 1751 2129 1816 i.
2201 1797 2218 1805 «

527 1871 709 1936 ‘haec
754 1871 851 1935 illi
894 1869 1151 1934 fecere':
1200 1867 1360 1933 adde
1406 1889 1466 1953 e,
1511 1871 1585 1932 ut
1627 1866 1917 1953 pinguiu'
1962 1868 2095 1932 fiat.

341 2164 441 2215 lib.
476 2163 658 2215 V1111.
712 2157 716 2164 ’
764 2163 844 2215 IX
897 2163 1072 2213 Varro
1118 2162 1169 2216 d.
1206 2160 1241 2216 1.
1278 2160 1314 2212 1.
1351 2161 1475 2226 VII,
1512 2165 1579 2213 96
1614 2162 1673 2212 in
1707 2163 1956 2228 pluribus
2000 2163 2184 2213 verbis
2229 2179 2262 2214 a
2297 2169 2428 2214 ante
2475 2179 2506 2214 e
2550 2163 2650 2214 alii

342 2237 578 2299 ponunt,
616 2232 714 2281 alii
746 2245 859 2281 non
883 2259 946 2266 —
972 2246 1007 2281 a
1041 2246 1149 2297 quo
1174 2230 1479 2281 Lucilius
1515 2231 1726 2282 scribit.
1761 2263 1828 2272 -—
1863 2230 2148 2282 Diomedes
2171 2233 2269 2282 447
2295 2232 2648 2282 detractionis

343 2302 557 2367 species
593 2303 724 2350 sunt
758 2313 929 2364 aeque
965 2303 1226 2363 quattuor
1251 2324 1314 2333 -
1341 2297 1562 2350 litterae
1600 2303 1663 2349 ut
1698 2299 1748 2350 si
1782 2298 2025 2349 detracta
2057 2313 2092 2348 a
2128 2299 2312 2350 littera
2344 2305 2536 2364 pretor
2568 2300 2647 2350 di-

343 2384 563 2431 camuS,
606 2372 668 2417 ut
709 2366 1018 2418 Lucilius
1055 2363 1157 2432 (ita
1191 2382 1272 2429 w,
1309 2366 1567 2418 Lucius
1606 2365 1763 2431 cdd.).
1918 2366 1969 2415 X
2026 2367 2201 2418 Varro
2247 2367 2298 2418 d.
2333 2368 2367 2417 1.
2403 2366 2439 2416 l.
2476 2367 2543 2432 V,
2581 2369 2648 2419 80

343 2440 625 2503 praetor
658 2435 841 2485 dictus
880 2434 973 2500 qui
1006 2434 1240 2500 praeiret
1276 2433 1393 2484 iure
1432 2438 1486 2484 et
1521 2435 1786 2496 exereitu3
1822 2450 1855 2484 a
1891 2449 1998 2499 quo
2035 2434 2091 2485 id
2128 2435 2457 2486 Lucilius.
2570 2435 2649 2485 XI

344 2504 466 2556 Vel.
500 2506 678 2569 Long.
726 2504 862 2554 2220
908 2503 1185 2569 quaeritur
1229 2502 1392 2552 etiam
1436 2517 1508 2554 an
1554 2517 1650 2569 per
1684 2518 1714 2553 e
1748 2507 1803 2553 et
1847 2502 1867 2551 i
1904 2502 2167 2569 quaedam
2209 2502 2437 2554 debeant
2482 2502 2651 2555 scribi

345 2572 650 2626 secundum
696 2570 1144 2623 consuetudinem
1189 2569 1453 2621 Graecam
1489 2595 1552 2605 -
1590 2570 1688 2620 alii
1723 2587 1949 2637 quorum
1991 2575 2075 2621 est
2123 2568 2301 2638 [item]
2339 2571 2649 2622 Lucilius

344 2642 498 2692 varie
532 2640 1012 2705 scriptitaverunt:
1060 2638 1324 2705 siquidem
1365 2638 1424 2688 in
1468 2638 1555 2690 his
1593 2650 1731 2703 quae
1776 2640 2205 2704 producerentur
2237 2639 2348 2690 alia
2371 2654 2467 2706 per
2488 2640 2508 2688 i
2531 2638 2649 2689 lon-

344 2724 489 2775 gam,
527 2706 641 2758 alia
675 2722 771 2773 per
807 2723 836 2758 e
880 2711 934 2757 et
969 2708 988 2758 i
1021 2710 1363 2768 notaverunt,
1399 2706 1653 2756 videlicet
1691 2703 1799 2774 [ut]
1840 2706 2140 2757 differentia
2165 2706 2392 2772 quadam
2431 2708 2541 2772 (qu
2555 2721 2649 2756 ae·

343 2778 489 2827 dam
524 2776 652 2826 Vat.
691 2775 848 2839 3402)
892 2780 1235 2840 separantes;
1281 2779 1346 2824 ut
1389 2789 1511 2824 cum
1564 2774 1868 2826 diceremus
1913 2773 2096 2839 ‘viri's
2134 2776 2183 2825 si
2229 2781 2412 2826 essent
2447 2775 2647 2840 plureS,

347 2860 447 2911 per
483 2860 512 2894 e
552 2842 625 2908 (e,
662 2844 721 2894 in
755 2857 889 2907 mrg.
926 2858 956 2892 e
980 2843 1080 2906 cd.)
1118 2848 1173 2892 et
1207 2843 1226 2891 i
1264 2841 1628 2904 scriberemus,
1668 2843 1717 2894 si
1754 2858 1883 2894 vero
1918 2848 2063 2894 esset
2087 2843 2249 2893 unius
2275 2842 2481 2906 (unus
2519 2843 2648 2892 Put-

346 2911 559 2977 sehius)
584 2911 713 2975 viri,
748 2925 843 2976 per
877 2912 898 2960 i
933 2917 1260 2961 notaremus.
1330 2913 1391 2960 ut
1429 2909 1524 2970 (et
1563 2908 1674 2975 ed.)
1711 2909 2012 2962 Lucilius
2037 2912 2093 2960 in
2118 2910 2215 2961 IX.
2251 2938 2316 2947 -—-
2354 2910 2647 2971 Quintilia-

348 2996 456 3031 nus
491 2980 538 3042 1,
573 2982 623 3043 7,
664 2982 727 3030 15
761 2979 968 3029 diutius
991 2978 1223 3040 duravit,
1258 2981 1321 3028 ut
1358 2993 1386 3028 e
1426 2982 1483 3027 et
1516 2978 1537 3026 i
1573 2978 1857 3042 iungendis
1879 2978 2061 3029 eadem
2084 2979 2298 3030 ratione
2324 2994 2430 3043 qua
2454 2977 2649 3028 Graeci

348 3065 402 3100 ει
440 3051 755 3098 uterentur:
792 3061 856 3096 ea
893 3046 1114 3097 casibus
1137 3045 1478 3110 numerisque
1505 3045 1742 3096 discreta
1767 3050 1870 3110 est,
1909 3052 1973 3096 ut
2008 3046 2315 3097 Lucilius
2353 3047 2645 3111 praecipit:

347 3118 478 3166 iam
500 3142 569 3152 —
594 3116 622 3165 f
628 3115 790 3164 iant.
815 3140 880 3148 —
905 3113 1191 3165 Charisius
1215 3115 1282 3164 60
1319 3113 1414 3164 ubi
1449 3113 1514 3162 de
1549 3114 1806 3177 genetivo
1843 3115 2311 3165 substantivorum
2344 3115 2401 3164 in
2438 3114 2523 3164 ius
2558 3112 2649 3163 vel

345 3185 461 3235 ium
483 3183 797 3234 exeuntium
829 3182 1074 3232 disserit:
1110 3186 1164 3231 et
1201 3181 1364 3246 paulo
1388 3186 1515 3246 post
1539 3181 1940 3246 (Lucilius):
1978 3183 2173 3247 pueri
2206 3182 2429 3232 Lucili
2453 3196 2496 3231 e.
2528 3197 2576 3246 q.
2604 3196 2647 3230 s,

486 3251 597 3301 XII
655 3250 773 3301 Vel.
809 3250 983 3314 Long.
1019 3252 1159 3301 2220,
1196 3249 1290 3299 ubi
1324 3248 1390 3299 de
1425 3249 1824 3313 distinguendis
1860 3251 2063 3301 inter-se
2110 3248 2375 3300 secundae
2409 3248 2646 3298 declina·

349 3320 520 3370 tionis
565 3318 784 3370 casibus
828 3318 889 3367 in
922 3319 943 3366 i
977 3316 1299 3368 exeuntibus
1344 3317 1486 3382 agit:
1541 3321 1603 3367 ut
1645 3317 1952 3369 Lucilius
1987 3319 2045 3368 in
2078 3316 2159 3367 IX
2197 3344 2258 3353 --
2296 3317 2440 3366 item.

527 3622 609 3681 10
652 3621 879 3679 Cecilius
924 3640 1031 3680 om.
1078 3620 1260 3679 Diom.
1316 3651 1403 3662 ——
1455 3631 1645 3697 pretor
1689 3623 1850 3679 abest
1905 3639 1941 3676 α
1988 3621 2115 3677 edd.
2191 3618 2402 3686 Vari-‚3
2456 3630 2647 3696 pretor

355 3711 473 3766 sive
517 3715 740 3782 praetor
783 3709 872 3765 vel
916 3714 1133 3782 praeter
1185 3708 1321 3764 libri
1361 3705 1547 3765 Diom.
1592 3738 1676 3748 —
1723 3705 1816 3762 fiat
1876 3707 2063 3762 Varro
2121 3712 2176 3763 et
2232 3704 2390 3763 Mon.
2443 3707 2646 3776 Diom.‚

359 3791 451 3849 fias
507 3794 787 3850 Paris-ini.
921 3791 998 3848 12
1043 3808 1180 3866 puer
1224 3790 1274 3848 bi
1319 3795 1378 3848 in
1423 3810 1600 3865 mr9.:
1650 3791 1702 3864 f.
1750 3792 1936 3865 puerei
1996 3790 2174 3847 Valic.
2222 3790 2410 3858 3402,
2452 3795 2647 3864 itaque

355 3878 668 3934 Putschius
725 3883 781 3932 et
841 3894 937 3949 ap.
986 3877 1179 3945 Quint.
1236 3876 1539 3950 MeyeruS,
1598 3892 1768 3950 puere
1823 3875 2114 3944 Ambr08.‚
2163 3875 2431 3949 Arqent„
2487 3895 2558 3931 m.
2609 3874 2645 3930 2

356 3962 560 4019 Bamb.
608 3970 663 4018 et
707 3960 922 4029 Rern„
975 3962 1129 4035 pueri
1173 3963 1249 4018 id.
1294 3980 1383 4031 m„
1415 3962 1470 4017 1.
1523 3990 1597 4002 —
1646 3976 1677 4015 e
1722 3960 1926 4017 Bamb.
1974 3959 2189 4026 Rern„
2240 3971 2329 4033 ut,
2371 3965 2430 4017 in
2474 3979 2648 4033 mm..-

351 4047 402 4120 f.
447 4063 478 4102 e
543 4047 665 4103 Vat.
701 4044 900 4118 3402,
947 4054 1003 4103 et
1046 4047 1153 4101 rel.
1333 4045 1410 4103 13
1455 4054 1517 4101 ut
1554 4045 1747 4119 plures
1793 4045 1988 4101 saciant
2049 4046 2170 4101 ναι.
2219 4044 2405 4116 3402,
2450 4045 2519 4101 Ρ.

360 4130 439 4188 14
494 4131 688 4206 pupilli
741 4149 841 4202 ap.
889 4130 1063 4188 Char.
1110 4132 1199 4187 cd.
1260 4130 1444 4203 Neap.
1491 4131 1754 4203 margine
1799 4131 2058 4187 ambusto
2101 4130 2401 4192 haustum;
2456 4127 2646 4203 pupilli

358 4224 416 4273 et
455 4215 629 4272 Lucil.
677 4233 784 4273 om.
816 4216 975 4290 pueri
1022 4215 1144 4272 Vat.
1177 4213 1371 4290 34023
1420 4214 1568 4270 Lucii
1603 4215 1789 4287 Neap.
1832 4245 1916 4254 —
1959 4216 2103 4271 idem
2134 4212 2269 4270 fieri.
2405 4211 2481 4269 15
2527 4212 2648 4269 heic

356 4304 444 4357 vel
502 4301 632 4357 huic
672 4300 742 4357 M
750 4325 769 4364 ,·
814 4301 920 4357 hoc
980 4300 1096 4356 Vel.
1255 4300 1330 4358 16
1376 4299 1486 4356 illei
1531 4300 1873 4371 PuischiuS,
1931 4299 2022 4355 ille
2084 4299 2208 4356 Vat.
2258 4297 2422 4357 3402
2469 4295 2648 4357 facere

357 4385 524 4443 addes
569 4402 598 4440 e
642 4387 789 4442 idem
833 4392 890 4442 et
933 4384 1072 4441 iacit.
