3267 5075
626 388 825 448 XXIV
1076 379 1605 446 QUAESTIONUM
1641 378 2202 437 LUCILIANARUM
2236 382 2472 438 LIBER.

624 567 845 626 magna
890 549 1127 609 omnino
1173 548 1563 608 examinanda
1607 567 1766 608 cura.
1839 569 1977 609 nam
2022 550 2124 609 ille
2165 553 2236 610 ut
2278 551 2397 612 fuit
2439 553 2615 612 homo
2662 571 2916 629 magnae

570 695 575 699 -
624 655 911 730 lectioniS,
943 656 1047 715 sed
1074 656 1316 718 minime
1344 658 1653 715 accuratae
1681 675 1873 733 neque
1902 658 2138 733 suptilis
2165 657 2382 732 iudicii,
2413 659 2503 718 ita
2528 659 2783 719 maxime
2810 660 2916 718 ubi

625 763 956 838 priscorum
993 766 1305 822 auctorum
1331 762 1685 823 Latinorum
1721 763 1897 823 affert
1930 764 2287 840 testimonia,
2326 765 2549 842 promit
2583 769 2917 826 commenta

627 869 725 929 vix
753 871 822 929 ac
848 888 924 928 ne
952 869 1053 930 vix
1087 869 1328 946 quidem
1364 869 1684 929 credibilia.
1740 869 1983 929 afferam
2019 872 2145 930 eius
2181 871 2270 931 rei
2305 875 2592 948 quattuor
2628 874 2915 949 exempla,

627 995 747 1035 non
768 976 958 1050 plura,
988 978 1059 1035 ut
1085 976 1324 1035 chartae
1352 995 1610 1051 parcam.
1646 1007 1720 1017 —-
1753 976 1943 1053 igitur
1969 995 2104 1035 cum
2132 978 2317 1053 apisci
2343 998 2452 1053 pro
2480 975 2728 1055 adipisci
2753 982 2919 1040 vete-

627 1100 724 1142 res
755 1081 972 1141 dixisse
1010 1085 1256 1156 constet,
1293 1082 1573 1142 Perottus
1607 1084 1749 1156 152,
1785 1084 1863 1141 22
1895 1085 1984 1143 ed.
2015 1103 2066 1143 a.
2100 1085 2267 1143 1532
2305 1085 2451 1145 haec
2486 1086 2691 1145 habet:
2729 1087 2918 1162 adipi-

627 1206 759 1249 scor
784 1187 943 1264 quod
971 1188 1269 1265 significat
1295 1190 1535 1265 acquiro
1562 1192 1796 1250 veteres
1825 1191 2097 1266 appiscor
2133 1191 2423 1252 dicebant.
2465 1192 2730 1251 Lucilius
2769 1191 2917 1252 ‘ma-

626 1312 809 1372 gnam
834 1293 972 1354 inde
1000 1296 1340 1371 appiscatus
1367 1296 1717 1356 infamiam'.
1764 1296 1922 1355 idem
1953 1298 2096 1372 506,
2131 1300 2167 1357 6
2197 1298 2343 1359 haec
2370 1300 2576 1359 habet:
2616 1299 2916 1376 signatam

625 1404 858 1462 veteres
895 1401 1189 1479 virginem
1227 1403 1427 1462 dixere
1463 1403 1637 1478 quasi
1671 1403 1966 1480 insignem
1992 1404 2355 1481 virginitate.
2418 1406 2669 1465 Plautus
2709 1404 2919 1482 ‘negat

628 1527 691 1567 se
720 1508 983 1583 puellam
1020 1510 1261 1569 domum
1290 1510 1587 1586 signatam
1614 1491 2033 1571 reversuram’.
2087 1511 2176 1570 ita
2210 1530 2423 1588 nempe
2459 1512 2719 1571 diffinxit
2742 1512 2917 1571 Luci-

630 1615 792 1674 liana
828 1633 979 1691 quae
1018 1615 1194 1674 affert
1237 1616 1467 1676 Nonius
1513 1636 1558 1676 s,
1587 1618 1626 1677 l.
1667 1618 1990 1693 signatam:
2016 1620 2282 1692 primwm
2324 1617 2539 1694 Chrysi
2573 1637 2704 1679 cum
2744 1624 2919 1693 φθοραί

625 1739 687 1781 se
720 1726 926 1781 natam
963 1705 1176 1782 r'edcrc.
1219 1754 1294 1764 —
1339 1726 1402 1783 et
1426 1723 1619 1784 Lucili
1656 1724 1801 1783 dicit
1840 1726 1983 1797 602,
2017 1725 2098 1783 54
2135 1725 2283 1785 talia
2320 1724 2535 1802 ‘neque
2572 1726 2649 1786 ad
2681 1727 2790 1787 hoc
2816 1746 2916 1786 me

625 1848 803 1905 cogas
821 1829 1067 1889 immani
1092 1830 1504 1905 maximitate',
1535 1850 1671 1890 cum
1695 1831 1815 1890 sint
1831 1829 2097 1891 Lucretii
2124 1829 2222 1892 ‘ne
2240 1833 2534 1908 quaedam
2553 1852 2731 1910 cogas
2756 1833 2794 1893 i.
2814 1833 2914 1893 m.’

632 1967 706 1976 —-
741 1937 995 2012 denique
1023 1956 1175 2012 quae
1204 1938 1363 2013 apud
1391 1937 1651 1997 Nonium
1678 1937 1980 1996 ferrentur
2006 1940 2282 2013 corrupte
2323 1937 2590 2015 ‘gizerini
2618 1943 2760 1999 sunt
2788 1940 2916 2001 sive

626 2043 772 2102 adeo
824 2041 1105 2118 hepetia',
1172 2044 1255 2102 sic
1296 2044 1535 2119 proprio
1584 2043 1946 2103 instauravit
1992 2044 2254 2119 periculo
2299 2046 2443 2120 891,
2491 2047 2600 2105 34:
2646 2021 2915 2107 Lucilius

627 2147 883 2225 ‘gigeria
906 2152 1048 2208 sunt
1075 2150 1203 2209 sine
1232 2151 1378 2210 aleo.
1425 2149 1519 2210 his
1548 2168 1859 2211 vescamur
1881 2149 2203 2211 alacriter’.
2250 2153 2314 2211 et
2339 2152 2579 2212 hercule
2610 2171 2681 2212 ex
2709 2153 2915 2212 decem

626 2256 909 2330 exemplis
947 2275 1100 2332 quae
1136 2251 1383 2315 aliunde
1412 2257 1716 2334 incognita
1756 2257 1933 2316 affert
1957 2257 2238 2317 Perottus
2277 2258 2388 2317 sub
2425 2258 2640 2318 Lucilii
2675 2237 2914 2320 nomine

625 2353 726 2441 (ea
753 2365 996 2437 excepto
1033 2382 1152 2422 uno
1181 2361 1437 2439 Corpeto
1465 2364 1660 2426 refero
1687 2355 1955 2444 accepta)
1992 2383 2180 2423 unum
2207 2367 2443 2424 tantum
2479 2384 2614 2425 cum
2641 2367 2917 2442 probabi-

623 2467 796 2527 litate
833 2468 1063 2529 Lucilio
1108 2470 1295 2528 tribui
1337 2470 1608 2530 existimo
1658 2470 1812 2530 sicut
1855 2471 2050 2530 visum
2096 2473 2158 2529 et
2201 2470 2463 2549 Dousa03
2510 2492 2722 2550 nempe
2761 2474 2915 2533 illud

624 2579 934 2635 ructantur
969 2578 1201 2636 iuvenes
1237 2582 1290 2636 ct
1322 2580 1560 2650 foedam
1591 2580 1791 2637 omnia
1824 2580 2024 2652 sputis·
2087 2578 2149 2637 id
2187 2580 2342 2638 unde
2370 2581 2608 2640 duxerit
2633 2582 2914 2643 Perottus

624 2682 770 2741 mihi
788 2683 1088 2760 ignotum;
1118 2685 1222 2743 sed
1244 2684 1511 2760 suspicor
1529 2685 1787 2760 petitum
1817 2704 1848 2743 e
1878 2684 2072 2759 Fest0,
2101 2687 2259 2762 quod
2284 2688 2500 2746 statuit
2517 2688 2743 2765 Dousa3
2773 2708 2914 2748 nam

626 2790 787 2865 apud
814 2790 971 2849 hunc
997 2810 1097 2867 pg.
1121 2792 1245 2851 262
1276 2791 1566 2867 hodieque
1593 2793 1829 2867 prostat
1854 2791 2075 2850 lemma
2090 2811 2367 2851 mancum
2393 2797 2639 2853 ructare.
2683 2794 2916 2869 reliqua

627 2914 827 2956 errore
854 2896 1084 2957 Perotti
1111 2898 1340 2958 Lucilio
1377 2899 1607 2958 tributa
1643 2897 1931 2971 existimo,
1971 2900 2034 2956 et
2067 2900 2323 2959 maxime
2359 2918 2431 2958 ea
2466 2919 2617 2976 quae
2644 2900 2913 2959 iambicis

625 3002 751 3064 sive
776 3005 1091 3063 trochaicis
1120 3005 1399 3064 videntur
1427 3024 1557 3064 esse
1584 3004 1873 3064 adstricta
1899 3004 2180 3064 numeris,

801 3110 890 3169 De
919 3111 1003 3169 eis
1031 3129 1185 3187 quae
1212 3111 1557 3170 Barthius
1585 3130 1856 3188 quaeque
1885 3112 2160 3171 Merula
2186 3132 2530 3190 prompsere
2558 3116 2912 3192 fragmentis

623 3214 851 3289 Lucilii,
883 3234 991 3277 suo
1018 3236 1289 3293 quaeque
1315 3218 1443 3278 loco
1471 3221 1695 3306 notata.

802 3322 1083 3383 Ceterum
1110 3327 1180 3383 ut
1207 3342 1389 3400 supra
1413 3325 1533 3383 iam
1559 3325 1831 3399 indicavi,
1860 3326 2127 3403 plerique
2155 3330 2466 3387 auctorum
2484 3332 2758 3389 veterum
2786 3330 2913 3389 sive

626 3429 874 3491 arbitrio
922 3450 1029 3490 suo
1076 3431 1342 3492 obsecuti
1388 3432 1513 3491 sive
1554 3438 1761 3492 eorum
1800 3434 1958 3492 unde
2000 3451 2110 3492 sua
2151 3453 2458 3510 sumpsere
2498 3437 2913 3497 consuetudini

621 3537 991 3597 voluminum
1029 3539 1384 3614 scriptorum
1420 3557 1676 3614 quorum
1711 3536 1969 3598 afferunt
2004 3541 2275 3616 exempla
2310 3543 2418 3600 aut
2450 3561 2776 3620 numquam
2804 3547 2914 3604 aut

620 3661 757 3702 raro
793 3644 1023 3702 addunt
1058 3664 1353 3705 numeros.
1408 3644 1568 3721 quod
1605 3646 1676 3703 ut
1699 3644 1874 3704 facile
1911 3647 2291 3706 excusabitur
2315 3648 2379 3706 in
2407 3648 2793 3724 scriptoribus
2822 3650 2911 3710 eis

621 3749 726 3826 qui
761 3749 1123 3810 delectandis
1159 3752 1359 3826 potius
1403 3770 1582 3827 quam
1624 3738 1962 3811 erudiendis
2003 3753 2325 3813 lectoribus
2366 3755 2741 3829 destinavere
2783 3776 2908 3830 sua,

619 3855 707 3915 ita
741 3874 861 3916 non
897 3855 1023 3915 sine
1059 3857 1276 3932 probro
1314 3858 1642 3917 admissum
1678 3878 1715 3917 a
1750 3859 2155 3936 grammaticis
2191 3861 2413 3935 multiS,
2454 3879 2526 3920 ex
2562 3865 2732 3938 parte
2761 3863 2910 3923 adeo

620 3962 1021 4023 nobilissimis,
1089 3982 1198 4025 nos
1235 3964 1350 4024 etsi
1385 3964 1447 4022 id
1482 3965 1731 4026 ferimus
1767 3965 2201 4040 molestissime,
2244 3968 2447 4026 tamen
2482 3968 2639 4028 hunc
2681 3988 2909 4029 morem

617 4068 935 4146 diligenter
961 4070 1345 4132 observemus
1372 4074 1622 4147 oportet,
1651 4093 1726 4133 ne
1752 4074 2064 4151 ignoratus
2093 4092 2200 4148 per
2225 4074 2669 4151 neglegentiam
2697 4076 2903 4136 trahat

619 4194 897 4237 errorem.
2142 4200 2153 4210 ·

795 4283 991 4361 Igitur
1025 4284 1348 4345 adhibuere
1384 4284 1608 4360 scripta
1632 4286 1846 4346 Lucilii
1873 4288 2106 4350 omissis
2142 4289 2511 4351 voluminum
2538 4290 2803 4351 numeris
2832 4309 2908 4350 ex

618 4390 948 4468 potioribus
975 4392 1315 4452 auctoribus
1345 4390 1564 4466 Cicer-0,
1590 4391 1798 4469 Varro,
1828 4395 2059 4469 FestuS,
2087 4395 2454 4469 Lactantius,
2483 4395 2906 4476 HieronymuS,
