3267 5075
1213 312 1431 403 tiene
1464 350 1585 406 xv.
1621 350 1765 404 xvl.
2500 350 2630 413 239

335 534 405 573 an
438 515 585 572 Festi
631 516 788 589 culpa
832 515 1014 589 lapsus
1058 518 1131 571 sit
1176 532 1283 572 non
1327 517 1456 572 satis
1487 524 1724 572 constat.
1766 546 1850 557 —-
1894 532 2046 589 quae
2080 547 2154 556 -
2179 533 2374 588 poena
2421 522 2636 591 coegit,-

333 604 412 657 ita
458 598 602 656 libro
647 600 691 654 V
733 603 826 657 dic
872 615 1158 673 quaenam
1202 608 1372 674 coyat
1416 605 1499 658 vis
1541 605 1627 656 ire
1671 604 1957 665 minutim,·
1998 601 2130 657 Hor.
2180 618 2266 675 ep.
2300 601 2364 657 ad
2409 602 2633 657 Pisones

332 685 464 742 292
495 702 621 758 sqq.
670 700 908 741 carmen
953 679 1379 756 reprehendite,
1423 688 1578 758 quod
1617 704 1729 742 non
1762 688 1941 742 multa
1984 688 2108 742 dics
2148 692 2202 742 et
2232 690 2409 742 multa
2454 689 2631 745 litura

333 771 644 827 cohercuit
687 776 864 843 atque
903 777 1271 840 praesectum
1314 772 1507 826 decies
1548 788 1662 826 non
1707 774 2009 843 castiyavit
2053 772 2132 826 ad
2172 787 2449 847 unquem;
2489 770 2633 826 idem

331 852 574 928 epistula
619 854 685 909 ad
729 856 1036 927 Augustum
1086 854 1205 909 152
1237 871 1358 927 sqq.
1406 858 1545 928 quin
1589 858 1761 909 etiam
1803 857 1907 911 Iex
1945 871 2250 928 poenaque
2290 859 2436 925 lata,
2482 859 2633 912 malo

331 955 493 1012 quae
537 941 713 995 nollet
758 942 1018 994 carmine
1060 956 1402 1012 quemquam
1443 941 1712 996 describi.
1790 940 1921 994 baec
1952 938 2195 1013 pluribus
2225 941 2498 1013 persecuti
2541 957 2633 995 su·

332 1041 460 1079 mus
509 1030 738 1097 propter
781 1040 843 1078 ea
888 1039 1026 1096 quae
1070 1024 1282 1080 monuit
1326 1023 1600 1079 Bentleius
1647 1023 1713 1078 ad
1756 1023 1889 1101 lior.
1934 1031 2035 1079 sat.
2071 1024 2108 1095 l,
2141 1024 2200 1096 2,
2230 1023 2330 1102 45.
2364 1025 2420 1085 6.

519 1107 617 1164 14.
691 1116 926 1180 nugatur
970 1107 1192 1167 Nonius,
1280 1116 1427 1164 certe
1470 1110 1525 1163 in
1570 1110 1803 1163 oratoris
1851 1107 2152 1181 fragmento
2197 1110 2343 1182 quod
2387 1112 2636 1184 sequitur
2722 1152 2729 1159 -

244 1256 257 1268 .
330 1192 504 1250 verba
546 1191 739 1248 Lucilii
783 1190 1092 1265 ergastylus
1133 1190 1406 1266 siguificat
1450 1209 1571 1247 eum
1619 1193 1711 1264 qui
1757 1209 1973 1248 carcere
2015 1192 2307 1250 detinetur.

516 1277 618 1334 15.
691 1277 1124 1341 tintinabulum
1166 1294 1257 1350 Pg·
1289 1275 1373 1331 40
1405 1275 1600 1331 habent
1631 1276 1674 1330 G
1706 1280 2020 1345 tintinnire,
2068 1281 2437 1350 titinnacula,
2482 1283 2633 1336 titin-

330 1418 489 1486 nire‚
538 1416 790 1483 titinnat,
836 1412 874 1465 L
927 1412 956 1468 1
1008 1415 1338 1484 cintinnire,
1385 1416 1558 1489 tinam
1611 1379 1902 1485 tinnacula,
1959 1417 2282 1478 tintinnire,
2343 1418 2630 1485 tintinnat,

328 1497 544 1569 Bamb.,
593 1499 687 1571 qui
732 1497 846 1552 sola
879 1495 1093 1552 exbibet
1125 1497 1392 1569 lemmata,
1421 1501 1760 1568 tintinnire,.
1788 1502 2192 1555 tintinnacula.
2246 1530 2323 1538 --
2368 1499 2454 1557 cd.
2488 1500 2632 1556 Festi

331 1581 462 1640 364
498 1581 702 1655 ubique
732 1578 894 1636 habet
924 1581 978 1636 id
1010 1580 1325 1637 vocabulum
1361 1579 1532 1637 tribus
1565 1599 1597 1636 n
1629 1584 1913 1656 scriptum.
1961 1614 2036 1622 —
2087 1583 2279 1639 ibidem
2311 1602 2354 1639 5.
2390 1603 2437 1640 v.
2473 1587 2633 1640 tenti-

328 1667 566 1743 pellium
600 1664 759 1721 verba
790 1666 971 1721 Titinii
1003 1666 1114 1739 ipsa
1148 1665 1292 1721 Festi
1322 1668 1598 1722 annotatio
1630 1668 1827 1722 evincit
1856 1667 2136 1723 scribenda
2169 1669 2417 1725 essehoc
2439 1670 2630 1725 modo:

1561 1788 1697 1843 tenti
1738 1788 1921 1844 ellium

513 1871 737 1944 induce,
787 1878 848 1926 ut
889 1870 1033 1942 (ced.
1066 1866 1374 1945 inducitur)
1420 1855 1590 2032 r13gae
1633 1805 1830 1927 inpore
1875 1872 2235 1929 extendantur
2278 1881 2375 1929 tuo
2421 1873 2492 1945 (v.
2528 1891 2630 1930 ea:-

1157 1958 1470 2013 tenduntur
1496 1996 1510 2009 .
2098 1974 2103 1979 ·

330 2097 455 2136 nam
491 2079 830 2154 grammatici
874 2085 1004 2132 sunt
1048 2078 1207 2133 baec:
1259 2076 1522 2135 Titinium
1569 2082 1649 2134 ait
1699 2078 1936 2135 Verrius
1967 2082 2302 2137 existimare
2348 2078 2629 2152 (tentipel-

327 2164 494 2235 lium)
540 2165 1015 2220 medicamentum
1062 2178 1209 2233 esse,
1254 2180 1365 2235 quo
1410 2180 1592 2236 ruyae
1629 2165 2024 2221 extendantur
2069 2195 2143 2205 --
2194 2182 2321 2221 cum
2367 2169 2463 2221 ille
2506 2183 2631 2241 τρο-

326 2254 528 2317 πικῶς
573 2250 810 2305 dixerit.

515 2333 618 2390 17.
683 2335 946 2405 paenula
993 2350 1043 2388 e.
1077 2351 1131 2406 q.
1162 2350 1243 2401 5.,
1227 2333 1445 2389 ·aliter
1487 2333 1654 2388 Varro
1700 2333 2013 2408 Menippeas

507 2461 625 2501 non
671 2444 1029 2518 quaerendast
1074 2445 1278 2500 homini
1323 2446 1413 2518 qui
1460 2443 1619 2500 babet
1662 2445 1915 2500 virtutem
1962 2447 2189 2519 paenula
2234 2448 2287 2502 in
2335 2445 2503 2503 imbri.

326 2560 475 2615 idem
525 2556 583 2614 id
631 2574 807 2631 genus
851 2551 1220 2631 βαναύσους,
1266 2555 1452 2629 quales
1497 2555 1753 2611 describit
1784 2555 2041 2630 Lucilius
2086 2565 2209 2632 apte
2241 2560 2407 2614 irrisit
2451 2560 2504 2614 in
2548 2578 2631 2614 sa-

329 2652 454 2699 tura
500 2659 644 2716 περι
685 2635 1043 2715 ἕδεσμοὶτων;
1085 2641 1153 2697 cs.
1187 2640 1319 2696 Gell.
1354 2641 1462 2712 XV,
1501 2640 1596 2697 19.
1649 2670 1723 2679 —
1772 2648 2011 2696 ceterum
2046 2660 2138 2717 pg.
2172 2641 2318 2715 448,
2353 2642 2431 2698 24
2463 2652 2518 2699 et
2550 2645 2628 2700 27

314 2718 544 2803 'legitur
583 2727 883 2797 penulam,
920 2728 1175 2797 penula3
1222 2742 1327 2781 nou
1360 2733 1536 2793 recte;
1584 2724 1688 2780 vid.
1733 2724 2062 2781 Fleckeiseni
2097 2728 2276 2783 theses
2320 2727 2385 2782 ad
2430 2736 2629 2784 rectam

323 2812 633 2868 verborum
676 2812 995 2883 scripturam
1040 2818 1345 2885 spectantes
1391 2827 1524 2884 quas
1568 2829 1614 2865 a.
1669 2808 1825 2866 1861
1876 2809 2043 2865 edidit
2086 2828 2219 2886 pgg.
2268 2810 2371 2884 24,
2403 2811 2503 2867 25.
2546 2844 2630 2853 —-

326 2900 534 2954 utilior
580 2897 713 2951 satis
760 2895 894 2950 dure
923 2896 1120 2951 dicitur
1148 2912 1270 2954 cum
1312 2897 1552 2969 proxime
1583 2895 1938 2968 praecesserit
1967 2903 2240 2968 seqestre.
2323 2913 2423 2952 nec
2454 2904 2629 2953 tamen

325 2984 422 3057 qui
468 2980 820 3037 emendarem
864 2988 987 3052 apte
1030 2981 1318 3035 succurrit.
1393 2980 1653 3034 minuitur
1697 2978 1925 3034 sortasse
1964 2979 2286 3055 inelegantia
2334 2981 2628 3054 paullulum

325 3085 388 3123 ea
437 3082 502 3122 re
551 3063 703 3138 quod
747 3073 960 3121 veteres
1006 3080 1179 3138 usque
1225 3063 1288 3118 ad
1336 3063 1600 3119 Valerium
1648 3063 1914 3118 Antiatem
1961 3064 2310 3120 masculinum
2355 3083 2631 3140 compara-

327 3154 421 3208 tivi
469 3148 751 3206 interdum
796 3166 896 3222 pre
941 3157 1138 3205 neutro
1183 3150 1432 3223 posuisse
1476 3157 1666 3203 auctor
1708 3155 1793 3204 est
1837 3147 2137 3205 Priscianus
2187 3150 2325 3206 767.

508 3235 614 3291 18.
692 3235 866 3307 tangit
920 3250 1124 3289 morem
1171 3233 1453 3288 mulierum
1500 3231 1804 3306 hospitibus
1859 3234 2044 3305 potius
2101 3251 2258 3307 quam
2305 3235 2628 3308 coniugibus

323 3339 384 3377 se
432 3318 694 3376 ornandi.
736 3348 821 3358 -—·
862 3326 990 3374 nota
1044 3316 1299 3373 omissam
1343 3316 1658 3390 particulam
1716 3321 1793 3387 si,
1851 3326 1911 3372 ut
1964 3319 2080 3391 ipse
2127 3318 2360 3373 Lucilius
2412 3320 2449 3374 l.
2498 3319 2628 3375 ΧΙΙΙΙ

323 3408 590 3463 delectes
634 3410 711 3473 te,
755 3404 869 3459 hilo
915 3420 1028 3459 non
1074 3401 1274 3459 rectiu'
1307 3405 1469 3458 vivas
1497 3409 1554 3456 et
1581 3402 1718 3456 XXX
1746 3403 1856 3457 hec
1885 3405 2114 3458 missum
2154 3402 2369 3474 facies,
2412 3406 2512 3460 illo
2540 3422 2630 3461 me

323 3498 499 3548 utere
549 3488 786 3544 libentei
826 3495 882 3542 et
926 3487 982 3542 in
1040 3487 1368 3543 Aetherione
1412 3485 1656 3541 Caecilii:
1711 3490 1907 3557 voltiS,
1952 3493 2226 3558 emptast;
2270 3489 2470 3560 noltiS,
2515 3507 2629 3545 non

325 3580 607 3648 emptast.
685 3572 782 3627 Ov.
813 3589 859 3626 a.
892 3588 995 3626 am.
1043 3571 1062 3626 Ι
1111 3566 1284 3646 [277,
1317 3566 1383 3646 8]
1432 3574 1737 3627 conveniat
1767 3571 2040 3642 maribus,
2083 3587 2329 3645 nequam
2358 3590 2464 3630 nos
2494 3581 2631 3630 ante

323 3674 627 3734 rogemus,
668 3657 890 3729 femina
935 3660 1048 3712 iam
1089 3663 1295 3727 partes
1337 3660 1490 3712 victa
1533 3660 1795 3728 royantis
1824 3663 1979 3727 aqut.
2024 3688 2110 3699 -—
2152 3661 2227 3713 ita
2270 3674 2429 3732 saepe
2472 3658 2631 3726 alibi3

323 3751 662 3820 quamquam
707 3741 947 3815 exempla
991 3740 1283 3797 identidem
1330 3738 1571 3795 fefellere
1614 3740 1829 3811 doctos,
1874 3741 1968 3813 qui
2010 3757 2108 3814 per
2146 3742 2630 3817 interrogationem

321 3844 618 3904 accepere.

499 3912 641 3984 xvi,
691 3911 747 3968 1.
819 3911 1176 3981 inscribitur,
1221 3927 1248 3965 a
1279 3911 1660 3984 grammaticis,
1704 3917 1767 3964 ut
1810 3909 1932 3966 libri
1965 3911 2204 3983 Homeri,
2249 3913 2470 3987 eclogae
2500 3914 2629 3968 Ver-

322 4000 460 4075 gilii.
511 4028 601 4039 —
645 3999 719 4053 de
763 3995 994 4068 Collyra
1040 3999 1248 4066 amica,
1294 4011 1404 4052 non
1450 4003 1636 4066 totuS,
1679 3995 1777 4056 sed
1820 4011 1886 4051 ex
1930 4005 2113 4069 parte3
2158 4014 2279 4053 nam
2323 3999 2482 4054 etiam
2528 3997 2628 4053 alia

323 4087 602 4160 pleraque
646 4099 714 4137 eo
759 4087 988 4137 tractata
1030 4095 1152 4136 esse
1196 4088 1278 4135 sat
1323 4087 1568 4149 constat3
1613 4087 1903 4136 conectere
1935 4088 2113 4136 tamen
2156 4081 2455 4155 fragmenta
2489 4098 2627 4155 quae

321 4177 518 4227 extant
562 4175 650 4223 sat
692 4182 861 4240 pauca
904 4173 1120 4238 praeter
1162 4165 1271 4220 duo
1317 4181 1427 4220 non
1472 4166 1722 4235 contigit.

503 4254 568 4311 3.
643 4259 830 4325 aperte
874 4249 1216 4305 decoctorem
1261 4250 1583 4324 perstringit
1626 4249 1881 4305 Lucilius..
1956 4213 2015 4305 et
2054 4250 2305 4306 videntur
2348 4251 2413 4307 ad
2451 4251 2626 4326 ipsum

319 4341 481 4400 illum
531 4338 656 4394 data
701 4336 852 4396 haec
877 4335 1039 4391 verba
1086 4336 1178 4410 qui
1221 4335 1464 4409 proximo
1511 4351 1669 4390 versu
1714 4335 1974 4410 tangitur.
