3267 5075
1026 386 1480 449 TESTIMONIA
1517 386 1613 448 DE
1652 385 1959 450 memo.
2505 388 2636 461 289

343 558 455 614 huc
499 559 660 614 etiam
706 558 950 633 apprime
994 558 1118 615 facit
1163 559 1310 633 quod
1352 559 1522 617 refert
1574 564 1716 617 Acro
1760 561 1825 617 ad
1870 562 1924 617 h.
1970 561 2007 617 l.
2062 561 2206 618 haud
2258 561 2419 619 dubie
2465 563 2636 637 probo

343 652 400 698 et
446 644 673 717 antiquo
718 643 872 700 sonte
927 660 1089 715 usuS,
1152 653 1287 717 puto
1340 644 1490 701 libris
1546 662 1735 702 eorum
1791 647 1881 720 qui
1938 645 2006 702 de
2058 647 2308 721 personis
2351 645 2638 705 Lucilianis

339 727 647 801 scripsere,
693 726 980 811 aliquando
1025 726 1259 785 Laelium
1305 732 1684 803 supervenisse
1728 729 1960 805 fugienti
2001 729 2271 805 Scipioni,
2316 748 2439 788 cum
2482 731 2640 789 Luci-

337 811 449 867 lius
496 828 627 869 eum
668 811 884 869 obtorta
928 829 1117 887 mappa
1161 814 1314 888 quasi
1357 813 1617 871 feriturus
1662 822 2005 890 sequeretur.
2082 815 2216 872 tales
2260 824 2439 874 autem
2482 817 2636 873 lusus

341 903 533 952 utrum
575 895 728 971 digni
773 899 1029 953 memoria
1071 899 1126 953 in
1171 898 1388 954 homine
1429 898 1564 954 xvn
1606 899 1691 955 vel
1729 899 1887 955 xvm
1930 916 2192 957 annorum
2236 918 2302 956 an
2345 901 2401 957 in
2430 918 2496 958 eo
2543 904 2636 976 qui

336 981 680 1055 compositae
734 982 811 1037 sit·
859 982 1082 1038 aetatis?
1154 984 1231 1038 eis
1276 991 1483 1056 autem,
1539 986 1633 1057 qui
1686 983 1955 1041 Lucilium
1998 1001 2027 1041 a
2073 984 2193 1044 606
2250 993 2436 1042 natum
2491 1004 2636 1044 asse-

337 1073 474 1122 runt
519 1064 588 1138 ad
631 1082 779 1123 mera
822 1075 1063 1122 monstra
1092 1067 1515 1141 confugiendum
1546 1077 1649 1125 est.
1712 1069 1893 1126 .veluti
1938 1070 2020 1126 his
2051 1071 2307 1127 statuitur
2336 1087 2457 1127 eum
2489 1069 2633 1129 bello

335 1149 668 1207 Numantino
711 1166 942 1224 puerum
988 1152 1420 1226 quattuordecim
1462 1154 1576 1209 sive
1620 1153 1922 1227 quindecim
1954 1170 2217 1211 annorum
2250 1154 2350 1210 sub
2381 1155 2634 1214 Africano

335 1235 626 1295 militasse.
671 1265 754 1276 —
801 1235 1007 1293 scilicet
1050 1238 1174 1309 quia
1218 1245 1347 1293 tunc
1388 1240 1651 1311 temporis
1695 1240 1873 1295 evenit
1916 1239 2049 1295 haut
2076 1255 2219 1304 raro,
2265 1249 2328 1296 ut
2372 1257 2435 1296 ex
2482 1240 2638 1315 plebe

335 1319 738 1376 adulescentuli
780 1319 1023 1376 nondum
1067 1320 1251 1378 adulta
1278 1329 1454 1378 aetate
1483 1322 1547 1378 ad
1580 1322 1820 1394 militiam
1861 1331 2202 1400 raperentur,
2245 1324 2301 1381 id
2344 1325 2638 1383 verendum

335 1412 457 1461 erat
504 1405 826 1479 praesertim
856 1406 1182 1480 imperatore
1210 1405 1271 1463 P.
1304 1405 1569 1481 Scipione,
1617 1408 1710 1480 qui
1738 1407 1888 1465 nulla
1917 1416 2049 1465 tunc
2077 1409 2399 1466 auctoritate
2427 1409 2639 1485 publica

334 1489 570 1546 militem
600 1489 757 1564 legit,
801 1489 859 1547 C.
892 1489 1097 1547 Lucilio
1141 1492 1343 1547 homini
1388 1490 1487 1547 diti
1530 1501 1587 1548 et
1615 1493 1887 1567 equestris
1931 1492 2140 1550 ordinis
2183 1501 2239 1550 et
2282 1495 2434 1551 cuius
2472 1496 2639 1554 l'rater

336 1591 472 1631 avus
518 1574 628 1630 l'uit
671 1573 895 1648 Pompei
923 1574 1132 1650 Magni3
1177 1582 1234 1631 et
1263 1574 1513 1632 Africano
1560 1578 1655 1650 qui
1688 1576 2036 1634 lectissimum
2083 1594 2354 1654 quemque
2397 1579 2638 1637 adhibuit

337 1657 492 1717 bello
522 1658 872 1732 Numantino,
917 1676 1027 1734 quo
1057 1661 1309 1716 virtutem
1355 1669 1410 1715 et
1454 1660 1789 1735 disciplinam
1818 1663 2135 1719 restitueret
2178 1665 2438 1721 exercitui
2481 1681 2636 1739 pror-

334 1760 433 1799 sus
483 1743 747 1818 degeneri
789 1775 873 1784 —
917 1743 983 1800 de
1027 1761 1131 1819 qua
1174 1761 1234 1800 re
1271 1744 1407 1801 dixit
1449 1744 1754 1802 Momsenus
1799 1747 1927 1804 hist.
1972 1745 2126 1827 Rom.
2169 1747 2229 1819 ll,
2280 1747 2382 1821 14,
2427 1748 2505 1806 16
2550 1781 2636 1793 —-

334 1829 475 1885 tales
523 1828 681 1884 suere
725 1828 919 1885 milites
964 1828 1279 1903 anquirendi
1311 1828 1376 1885 ad
1406 1830 1691 1904 parandam
1736 1831 2029 1888 victoriam.
2115 1831 2257 1888 idem
2300 1833 2530 1891 credunt
2570 1836 2632 1897 P.

331 1911 652 1988 Scipionem
709 1914 878 1969 virum
921 1913 1282 1971 Romanorum
1337 1916 1423 1970 sui
1468 1917 1727 1990 temporis
1781 1917 2155 1990 gravissimum
2200 1916 2266 1973 ab
2321 1917 2634 1976 adulescen-

333 1997 456 2055 tulo
522 1997 743 2053 vixdum
806 1999 1091 2071 pueritiam
1154 2015 1380 2073 egresso
1445 1999 1718 2074 accepisse
1778 2000 1940 2074 leges
2017 2000 2226 2058 dicendi
2292 2002 2478 2060 latine.
2548 2036 2631 2046 —

329 2091 623 2155 praeterea
654 2098 778 2140 cum
819 2080 1056 2140 Lucilius
1101 2085 1308 2158 primus
1351 2092 1587 2140 saturam
1631 2084 1699 2140 ad
1743 2085 2042 2158 carpendos
2071 2087 2265 2143 civium
2299 2103 2479 2145 mores
2508 2106 2630 2146 cum

328 2166 590 2241 publicos
636 2175 751 2224 tum
792 2169 1032 2241 privatos
1076 2168 1407 2241 instituerit,
1463 2185 1597 2242 quas
1653 2168 1794 2244 apud
1849 2185 1971 2225 eum
2016 2172 2315 2228 invenimus
2371 2177 2631 2248 temporis

326 2260 661 2309 eventorum
704 2253 1091 2309 insectationes
1148 2269 1259 2309 non
1312 2253 1533 2310 hercule
1590 2254 1774 2310 multis
1828 2255 1980 2310 annis
2036 2264 2165 2329 post
2216 2256 2315 2314 sed
2357 2262 2632 2331 praesenti

326 2335 591 2411 exemplo
629 2337 798 2394 l'actas
842 2337 1281 2394 existimabimus
1369 2337 1535 2394 veluti
1580 2339 1704 2411 quis
1746 2338 1930 2395 credet
1971 2337 2233 2397 Lucilium
2260 2339 2397 2416 Lupi
2441 2361 2631 2419 super-

326 2421 473 2478 biam
519 2437 623 2477 seu
666 2421 845 2479 clades
889 2439 1024 2495 quas
1067 2421 1320 2479 Romanis
1362 2422 1547 2479 intulit
1576 2422 1848 2482 Viriathus
1888 2439 1997 2480 non
2040 2424 2229 2481 eodem
2260 2426 2344 2482 vel
2383 2430 2630 2500 proximo

327 2515 588 2582 tempore
616 2505 713 2563 sed
743 2505 928 2563 multis
955 2508 1108 2565 annis
1148 2514 1277 2582 post
1306 2509 1460 2582 quasi
1487 2506 1807 2565 historicum
1835 2516 2023 2583 ageret
2049 2511 2305 2568 notasse?
2373 2513 2477 2570 iam
2507 2531 2630 2572 cum

325 2592 542 2649 multus
586 2593 661 2648 sit
703 2593 758 2648 in
802 2590 956 2667 Lupo
1009 2592 1251 2650 vexando
1306 2591 1575 2665 Lucilius,
1631 2594 1787 2651 cuius
1841 2596 2136 2668 potentiam
2190 2597 2411 2653 nimiam
2459 2599 2630 2657 fuisse

324 2678 539 2733 civitati
586 2677 813 2733 maxime
855 2679 998 2735 circa
1040 2694 1238 2736 annum
1287 2694 1338 2733 u.
1382 2694 1431 2734 c.
1480 2678 1620 2750 607,
1668 2695 1778 2752 quo
1822 2687 1950 2752 post
1994 2678 2386 2739 damnationem
2433 2700 2631 2741 censor

325 2762 511 2819 sactus
545 2769 655 2832 est,
698 2761 913 2818 videtur
941 2762 1240 2837 probabile,
1284 2778 1395 2819 non
1434 2764 1507 2819 ita
1538 2763 1769 2821 multum
1800 2780 1828 2822 a
1860 2780 2011 2820 vero.
2032 2763 2298 2821 aberraris
2336 2769 2626 2826 statuendo

324 2849 472 2903 circa
520 2847 747 2920 triginta
792 2849 945 2905 annis
989 2849 1142 2921 prius
1186 2863 1344 2922 quam
1390 2847 1557 2904 rel'ert
1599 2847 1962 2922 Hieronymus
2018 2856 2203 2906 natum
2259 2850 2430 2909 fuisse
2473 2854 2628 2910 Luci-

323 2931 484 2989 lium.
551 2931 710 2987 cuius
741 2948 851 3005 quo
883 2932 1241 3006 explicaretur
1284 2947 1441 2988 error
1483 2931 1589 2989 fuit
1632 2934 1726 3007 qui
1772 2932 1976 2990 diceret
2018 2933 2188 2990 videri
2229 2951 2371 3003 eum,
2419 2954 2542 2994 cum
2572 2940 2628 2994 in

324 3016 627 3091 exemplari
671 3014 1001 3074 Suetoniano
1057 3016 1202 3089 (nam
1256 3033 1323 3073 ex
1380 3017 1485 3074 boc
1540 3034 1678 3091 quae
1730 3017 1794 3073 ad
1849 3017 2056 3074 litteras
2111 3016 2325 3076 Latinas
2380 3031 2629 3096 spectant

322 3110 556 3175 praeter
599 3117 689 3157 res
733 3099 999 3158 Hadriano
1044 3102 1378 3175 posteriores
1422 3101 1601 3158 addita
1655 3102 1912 3159 chronico
1957 3111 2163 3160 norunt
2203 3104 2474 3181 plerique)
2527 3125 2627 3165 nu·

323 3203 514 3243 merus
549 3202 814 3242 annorum
845 3184 1034 3243 Lucilii
1078 3194 1224 3246 esset
1265 3194 1577 3261 corruptuS,
1620 3194 1815 3261 poetae
1859 3203 2056 3244 annum
2084 3189 2197 3245 sive
2239 3190 2469 3247 natalem
2514 3194 2626 3249 sive

324 3271 554 3328 fatalem
586 3270 947 3344 computando
978 3278 1305 3327 assecutum.
1372 3270 1468 3327 sed
1496 3272 1797 3346 speciosior
1841 3280 1925 3329 est
1954 3271 2055 3329 alia
2084 3274 2421 3350 coniectura,
2464 3292 2623 3349 quam

322 3356 602 3431 prolatam
647 3354 711 3411 ab
755 3356 973 3412 homine
1016 3356 1178 3413 docto
1222 3356 1518 3431 nescioquo
1563 3358 1781 3413 memini
1809 3356 2098 3431 aliquando
2129 3374 2338 3414 mecum
2382 3375 2624 3417 commu-

321 3443 510 3497 nicare
560 3439 858 3500 Arnoldum
903 3439 1223 3515 Opilionem,
1268 3442 1443 3497 virum
1487 3440 1910 3499 celeberrimum.
1996 3442 2168 3516 igitur
2208 3440 2302 3498 illc
2339 3441 2623 3502 observata

320 3525 663 3583 Lachmanni
715 3526 771 3580 in
824 3524 984 3581 simili
1047 3541 1234 3582 errore
1288 3525 1604 3600 Hieronymi¹
1655 3525 1962 3601 detegendo
2017 3526 2226 3582 ratione
2297 3521 2396 3603 [ci.
2458 3527 2621 3587 Maur.

320 3610 529 3685 Haupt.
581 3617 791 3683 quaest.
839 3608 1031 3666 Catull.
1089 3627 1181 3685 pg.
1232 3604 1339 3687 15]
1398 3611 1592 3667 statuit
1644 3610 2030 3684 Hieronymum
2087 3610 2399 3670 confudisse
2452 3617 2623 3690 magi·

320 3704 537 3753 stratus
585 3693 678 3768 Sp.
724 3693 988 3751 Postumii
1033 3694 1209 3750 Albini
1254 3694 1431 3769 Magni
1491 3704 1547 3752 et
1590 3694 1649 3751 L.
1699 3693 1972 3771 Calpurnii
2015 3693 2071 3751 C.
2121 3694 2160 3753 l'.
2207 3694 2263 3758 C.
2309 3714 2364 3753 n.
2411 3697 2625 3756 Pisonis

321 3780 620 3837 Caesonini
677 3796 798 3835 cum
853 3783 916 3835 A.
961 3777 1228 3835 Postumii
1281 3781 1345 3836 A.
1392 3780 1434 3836 f.
1480 3782 1539 3836 A.
1586 3798 1642 3836 n.
1699 3778 1876 3836 Albini
1933 3788 1990 3837 et
2042 3778 2100 3836 C.
2145 3781 2420 3857 Calpurnii
2477 3783 2535 3839 C.
2584 3785 2618 3841 l'.

243 3858 253 3866 ⁶
319 3864 377 3923 C.
427 3883 486 3921 n.
538 3863 787 3936 PisoniS,
844 3865 937 3938 qui
992 3864 1146 3921 fuere
1190 3864 1443 3921 consules
1500 3882 1546 3921 a.
1596 3882 1649 3921 u.
1699 3862 1841 3921 574.
1919 3881 2048 3922 sane
2092 3866 2197 3922 hoc
2250 3868 2297 3923 si
2341 3870 2623 3941 statueriS,

320 3956 521 4008 omnes
579 3950 684 4005 iam
741 3948 1011 4006 tolluntur
1064 3946 1428 4007 difficultates
1519 3949 1621 4006 suit
1674 3950 1842 4024 igitur
1895 3948 2131 4006 Lucilius
2182 3951 2416 4025 aequalis
2459 3953 2622 4026 paulo

319 4037 509 4092 minor
556 4042 734 4091 aetate
778 4032 1038 4109 Scipioni,
1083 4050 1244 4107 quem
1288 4052 1335 4091 a.
1368 4052 1424 4093 u.
1456 4034 1603 4106 569,
1647 4033 1810 4108 paulo
1855 4036 2025 4091 maior
2064 4036 2246 4107 Accio,
2292 4053 2452 4110 quem
2498 4037 2622 4095 584

319 4128 517 4177 natum
564 4126 795 4177 constat.
870 4117 1144 4193 probabile
1187 4127 1272 4175 est
1314 4126 1493 4176 autem
1539 4117 1596 4175 C.
1642 4117 1902 4176 Lucilium
1949 4128 2011 4175 ut
2051 4121 2288 4193 equitem
2322 4120 2621 4178 Romanum

318 4214 377 4262 et
424 4205 670 4279 negotiis
714 4202 943 4277 publicis
985 4202 1302 4278 implicitum
1352 4198 1449 4281 [ci.
1479 4203 1655 4277 xxvi,
1691 4198 1796 4280 15]
1843 4205 2017 4262 serius
2047 4205 2290 4278 attigisse
2333 4207 2619 4280 poeticam,

318 4298 383 4346 ut
430 4288 669 4347 florente
712 4289 818 4344 iam
846 4289 1031 4360 Accio,
1061 4287 1290 4345 Pacuvio
1333 4298 1512 4347 autem
1540 4305 1672 4345 sene
1703 4288 1992 4344 admodum
2019 4290 2249 4363 primum
2292 4289 2479 4347 ederet
2508 4309 2622 4348 car-

318 4376 468 4431 mina
538 4372 738 4447 quibus
793 4371 900 4429 illis
946 4372 1294 4431 obtrectaret.
1401 4390 1537 4448 quae
1591 4374 1937 4430 vehementer
1989 4372 2213 4447 probata
2268 4375 2619 4449 popularibus

433 4471 483 4511 C.
511 4470 669 4511 Lucili
696 4473 838 4512 satur.
865 4470 943 4510 rel.
2127 4476 2191 4524 19
