3267 5075
1095 394 1194 449 EX
1232 394 1466 450 LIBRIS
1504 395 1864 452 INCERTIS.
2489 397 2615 461 281

316 560 482 619 Lucr.
529 561 669 619 302.
759 561 1138 637 neglegentiae
1183 571 1361 643 tamen
1407 581 1532 620 reus
1573 563 1790 637 FestuS,
1835 566 2035 639 quippe
2082 566 2173 640 qui
2214 563 2327 623 ‘non
2375 564 2622 622 indicarit

317 647 458 704 illud
504 664 592 704 me
636 646 790 703 Ennii
835 647 959 703 loco
1004 646 1315 719 ablativum,
1359 651 1665 722 posteriore
1709 652 2085 706 accusativum.
2292 668 2309 673 ·

494 731 593 790 64.
666 734 904 806 ineptam
950 750 1070 788 esse
1114 733 1336 789 alteram
1382 733 1550 790 Sinnii
1595 734 2005 808 explicationem
2038 735 2200 798 ‚facile
2246 735 2615 808 intellegetur.

320 846 394 858 -—
451 816 795 891 displicuisse
826 816 1078 873 Romanis
1123 816 1792 889 barbarorum,-Asrorum
1839 821 2082 891 maxime,
2131 836 2333 876 morem
2379 820 2621 876 anulatas

318 912 380 959 ut
428 904 506 959 ait
548 902 770 959 Plautus
827 901 1023 958 babere
1078 919 1235 959 aures
1279 912 1486 960 notum.
1554 934 1629 944 —
1687 912 1792 961 cet.
1841 905 2225 962 vehementius
2269 913 2355 961 est
2400 904 2453 961 in
2498 904 2620 961 cdd.

319 988 470 1044 Festi
517 996 573 1043 et
616 986 787 1043 Pauli.
2422 978 2439 995 ³

495 1072 596 1129 65.
672 1071 741 1128 de
787 1072 971 1128 eadem
1018 1086 1076 1128 re
1121 1071 1229 1129 Cic.
1277 1073 1343 1128 ad
1389 1073 1513 1130 sam.
1545 1072 1651 1144 Vll,
1685 1073 1789 1146 24,
1824 1075 1888 1131 1:
1936 1074 2132 1146 Cipius
2178 1070 2376 1145 (Citius
2406 1073 2619 1144 Medic„

319 1158 543 1228 Capias
584 1155 889 1227 Ernestius)
944 1161 1152 1229 opinor
1204 1160 1333 1215 olim
1390 1159 1528 1215 ‘non
1582 1162 1838 1217 omnibus
1891 1158 2169 1224 dormio’,·
2225 1163 2311 1216 sic
2356 1175 2458 1233 090
2503 1177 2616 1215 non

317 1236 597 1312 omnibus,
644 1245 722 1297 mi
764 1242 957 1308 Galle,
1016 1246 1221 1299 servio.
1284 1273 1358 1282 —
1419 1242 1486 1298 de
1533 1260 1590 1299 re
1636 1245 1794 1300 simili
1841 1243 2007 1300 refert
2051 1244 2371 1300 Plutarchus
2427 1245 2615 1300 erotici

315 1345 412 1402 pg.
465 1325 589 1384 928
644 1325 731 1382 ed.
776 1325 1104 1384 Didotianae.
1196 1344 1314 1383 nam
1373 1345 1492 1383 cum
1537 1326 1710 1383 Gabba
1766 1327 1978 1403 quidam
2036 1346 2133 1385 seu
2188 1329 2399 1413 potiusq
2429 1327 2613 1397 Galba,

316 1413 473 1485 quasi
520 1428 620 1485 per
658 1427 907 1467 somnum
953 1412 1248 1481 coniveret,
1293 1412 1657 1469 dissimularet
1701 1430 1761 1469 se
1807 1412 1988 1470 videre
2032 1430 2154 1469 cum
2195 1430 2361 1470 uxore
2389 1429 2614 1486 suaper

316 1505 486 1552 nutus
534 1494 935 1569 colloquentem
981 1495 1367 1568 Maecenatem,
1426 1497 1515 1553 ubi
1569 1515 1759 1553 servus
1815 1498 2026 1571 quidam
2091 1499 2267 1553 vinum
2312 1496 2614 1568 furabatur,

314 1580 504 1637 subito
550 1581 749 1654 apertis
795 1579 968 1636 oculis
1013 1568 1061 1637 ὦ
1092 1575 1476 1655 κακόδαιμον,
1520 1587 1724 1656 inquit,
1769 1573 1879 1638 οὐκ
1920 1571 2099 1637 οἶσθα
2130 1575 2219 1638 ὅτι
2247 1577 2410 1657 μόνῳ
2443 1581 2611 1637 Μαι-

317 1661 480 1744 κήνᾳ
525 1658 842 1728 καθεύδω
885 1665 956 1721 01.
1004 1675 1059 1722 et
1103 1665 1215 1734 luv,
1265 1667 1321 1736 1,
1366 1665 1448 1724 55
1480 1685 1601 1741 sqq.

309 1766 314 1771 ·
490 1749 592 1807 68.
668 1749 735 1805 de
778 1748 1013 1824 pedariis
1056 1751 1397 1807 senatoribus
1429 1750 1652 1808 videnda
1699 1770 1837 1825 quae
1882 1751 2137 1808 disseruit
2178 1751 2381 1808 Gellius
2412 1751 2500 1822 ΙΙΙ,
2537 1751 2613 1807 18

315 1851 439 1890 011111
487 1836 634 1890 notis
679 1835 1057 1908 interpretum.

490 1919 591 1976 70.
660 1937 776 1991 pro
821 1920 1018 1976 obtuso
1063 1937 1165 1977 ore
1208 1936 1258 1997 e.
1292 1939 1346 1994 q.
1380 1940 1455 1987 s.;
1516 1921 1648 1977 baec
1694 1921 1848 1978 verba
1906 1923 2109 1995 primus
2155 1930 2302 1977 recte
2359 1920 2615 1994 explicuit

314 2003 693 2060 Lachmannus
736 2020 931 2060 comm.
980 2003 1138 2060 Lucr.
1188 2004 1299 2063 20:
1358 2014 1473 2062 tum
1517 2010 1764 2080 iqnavus
1805 2007 1862 2076 (i.
1911 2024 1958 2062 e.
2009 2010 2216 2078 seqnis)
2263 2022 2434 2080 quam
2478 2022 2609 2062 con·

315 2096 656 2146 sentaneum
702 2096 785 2145 est
830 2105 957 2145 eum
998 2091 1135 2162 fieri
1175 2093 1274 2146 cui
1299 2107 1378 2155 Δ03
1418 2094 1629 2164 puynis
1674 2093 1935 2149 obtusum
1984 2095 2075 2148 sit.
2129 2121 2203 2130 —
2260 2108 2372 2162 pro
2417 2091 2614 2147 obtuso

315 2189 418 2230 ore
457 2176 623 2247 puyil
666 2186 748 2214 ²——
794 2189 956 2231 reses
970 2199 989 2238 ,·
1044 2174 1166 2230 binc
1209 2175 1375 2231 Asinii
1423 2175 1556 2232 Galli
1600 2177 1931 2250 epigramma
1980 2177 2034 2234 iu
2078 2174 2387 2232 Marcellum
2433 2192 2612 2249 gram·

315 2259 601 2315 malicum:

577 2390 670 2462 qui
714 2396 877 2462 caput
920 2388 983 2444 ad
1028 2388 1227 2444 laevam
1273 2389 1489 2461 didicit,
1536 2391 1834 2470 glosc-mata
1880 2390 2037 2448 nobis

575 2473 853 2547 praecipit.
943 2489 1004 2528 os
1050 2472 1258 2530 nullum
1304 2474 1387 2532 vel
1431 2477 1613 2550 potius
1660 2476 1886 2551 pugilis!

318 2629 503 2683 reses,
549 2630 662 2669 non
707 2616 854 2669 resis
900 2613 1077 2686 inquit
1121 2615 1499 2686 grammaticus
1545 2613 1973 2670 vindobonensis
2021 2633 2111 2688 pg.
2160 2613 2303 2670 444.

490 2696 591 2757 72.
665 2713 918 2769 suppus,-
963 2713 1028 2753 eo
1075 2696 1336 2755 vocabulo
1383 2699 1540 2754 etiam
1571 2697 1852 2755 Lucretius
1887 2716 2016 2753 usus
2049 2698 2088 2769 l,
2123 2698 2316 2768 10613
2361 2698 2613 2772 idemque

317 2799 380 2836 ex
425 2780 693 2855 probabili
723 2783 1032 2839 coniectura
1065 2780 1384 2839 Lachmanni
1416 2784 1726 2839 restitutum
1770 2783 1856 2855 lll,
1892 2784 2029 2841 173.
2077 2815 2158 2823 --
2205 2800 2428 2855 suppus
2471 2783 2611 2839 idem

318 2866 463 2940 quod
513 2865 780 2939 superbus
828 2867 928 2922 nisi
978 2864 1153 2937 fallor,
1181 2875 1262 2923 .ut
1304 2867 1434 2923 alias
1466 2871 1710 2938 supinus
1755 2869 1836 2924 vel
1872 2872 2204 2940 resupinus,

365 2999 372 3004 .
489 2950 589 3007 73.
665 2968 773 3008 non
818 2950 1080 3025 intellego
1127 2953 1217 3025 qui
1264 2954 1504 3025 potuerit
1549 2952 1731 3008 dicere
1773 2952 1869 3011 Od.
1910 2951 2200 3009 Muellerus
2244 2962 2476 3009 metrum
2522 2952 2613 3007 ad-

317 3038 482 3092 iuvari
531 3052 596 3091 eo
643 3035 790 3109 quod
836 3034 1009 3092 [lousa
1054 3044 1208 3109 pater
1261 3038 1495 3092 coniecit
1536 3035 1877 3094 scribendum
1932 3054 2052 3093 esse
2097 3039 2346 3108 redimit,
2395 3045 2612 3094 senten-

320 3122 441 3176 tiam
488 3137 601 3176 non
631 3120 923 3194 explanari,
969 3137 1089 3176 cum
1135 3137 1311 3193 neque
1343 3120 1406 3176 ad
1437 3138 1695 3177 numeros
1739 3139 1918 3196 neque
1949 3123 2015 3178 ad
2053 3139 2273 3180 sensum
2320 3123 2610 3196 quidquam

318 3203 672 3261 desideretur.
762 3203 895 3260 illud
939 3206 1150 3261 dirimit
1195 3205 1337 3261 idem
1382 3205 1526 3279 quod
1568 3206 1816 3281 franyit.

484 3290 702 3363 saepius
732 3288 963 3346 diverbia
1005 3279 1340 3347 restituenda
1371 3293 1548 3364 poetis
1579 3292 1851 3348 veteribus
1884 3290 2028 3348 velut
2058 3293 2162 3348 1100
2194 3291 2394 3347 Afranii
2427 3307 2608 3361 versu,

321 3376 408 3447 qui
454 3374 567 3449 leg.
615 3390 701 3448 ap.
745 3372 878 3431 Non.
927 3372 1073 3446 342,
1125 3373 1229 3430 15:

485 3503 541 3557 a!
589 3504 645 3558 a!
693 3501 833 3573 (cdd.
880 3502 940 3575 a)
984 3503 1142 3560 fulica
1186 3503 1323 3561 bene
1368 3507 1586 3580 peristi!
1641 3536 1710 3547 -
1762 3506 1815 3562 di
1863 3514 1915 3560 te
1962 3506 2275 3561 martassint
2320 3503 2478 3560 malo.

488 3630 588 3688 75.
666 3650 943 3689 varonum
988 3649 1059 3689 ac
1103 3638 1396 3706 rupicum,
1445 3634 1513 3691 01.
1560 3635 1788 3691 Tertull.
1832 3634 1899 3690 de
1942 3636 2100 3691 anim.
2147 3651 2261 3708 cap.
2311 3633 2367 3691 6.
2455 3631 2609 3707 ‘quid

321 3724 497 3772 autem
546 3717 739 3773 facient
794 3725 877 3773 tot
933 3734 992 3773 30
1052 3727 1229 3775 tantae
1285 3721 1490 3775 animae
1537 3721 1782 3793 rupicum
1829 3727 1884 3775 et
1928 3736 2217 3791 varonum,
2278 3717 2472 3794 quibus
2517 3719 2610 3774 ali·

322 3809 495 3857 menta
540 3802 833 3874 sapientiae
878 3801 1139 3858 desuut’?
1214 3801 1303 3860 ubi
1347 3812 1493 3861 recte
1539 3804 1684 3860 docti
1731 3806 2009 3861 baronum
2058 3822 2156 3878 pro
2203 3806 2605 3861 barbarorum.

320 3902 436 3940 nam
483 3887 625 3942 baro
671 3902 733 3940 an
783 3904 923 3943 varo
968 3889 1169 3943 rectius
1215 3887 1438 3960 habeat,
1494 3888 1669 3945 adbuc
1713 3897 1798 3945 est
1841 3888 1938 3944 sub
1982 3888 2161 3945 iudice
2212 3889 2295 3945 113.
2387 3887 2608 3943 videnda

323 3987 453 4042 quae
498 3968 566 4026 (le
613 3970 716 4025 1100
748 3969 1030 4042 vocabulo,
1076 3972 1221 4045 quod
1254 3975 1382 4046 quin
1414 3972 1642 4029 stultum
1673 3972 1947 4047 significet
1978 3991 2086 4029 11011
2117 3972 2413 4045 dubitatur,
2443 3965 2607 4028 311110-

322 4054 450 4110 tavit
492 4053 709 4111 Iahnius
755 4053 819 4110 ad
867 4054 1010 4112 Pers.
1056 4058 1118 4127 5,
1169 4056 1288 4114 138
1332 4076 1427 4133 pg.
1476 4056 1575 4114 55.
1625 4057 1769 4116 203.
1819 4057 1963 4116 335.

486 4138 586 4196 77.
663 4140 909 4203 thomian
953 4140 1095 4215 apud
1142 4141 1373 4198 Graecos
1415 4144 1633 4216 saepius
1678 4142 1935 4220 θῶμιγξ.

488 4223 585 4280 79.
662 4224 849 4297 glosae
893 4225 1090 4282 Placidi
1134 4244 1227 4299 pg.
1259 4224 1340 4284 45
1358 4227 1388 4288 Ι,
1429 4227 1515 4283 011.
1562 4226 1664 4282 Mai
1709 4228 1784 4284 ‘di
1832 4228 1995 4302 aquili
2039 4226 2265 4301 (uquih'i
2292 4226 2477 4302 Maius)
2527 4230 2605 4285 iu-

323 4307 475 4375 seri’3
532 4308 601 4365 01.
647 4307 799 4367 Mart.
843 4309 968 4383 Cap.
1015 4310 1079 4381 ΙΙ,
1130 4310 1270 4367 164.
1328 4310 1709 4382 -4-,fludehn
1758 4313 1900 4390 3103.
1947 4312 2117 4368 Paris,
2167 4309 2333 4387 antiq.
2380 4330 2474 4387 pg.
2527 4314 2601 4371 14

320 4391 546 4467 ‘aquilos
591 4392 863 4469 (aquilosi
903 4393 1011 4468 cd.)
1056 4396 1263 4471 antiqui
1310 4397 1499 4472 nigros
1544 4396 1839 4455 dicebant?
