3267 5075
1303 378 1520 432 LIBER
1553 377 1726 433 XXX.
2526 375 2655 439 269

365 551 594 606 invitati
634 564 683 604 e.
719 565 773 620 q.
808 565 853 602 s.
906 545 1106 602 tribuas
1152 545 1341 601 eidem.
1387 577 1472 586 —
1528 562 1743 600 versum
1791 560 1951 618 quem
1998 543 2189 600 ibidem
2236 543 2410 599 adfert
2455 543 2657 599 Nonius

363 650 431 688 ex
477 633 704 706 'l'urpilii
750 630 1014 686 Leucadia
1058 647 1168 686 non
1213 630 1599 686 intellexerunt
1643 630 1791 685 docti
1834 631 1906 684 ita
1952 645 2070 683 esse
2117 627 2604 684 reconcinnandum

626 762 917 816 invitavere
961 755 1267 833 plusculum
1313 759 1399 814 hic
1445 776 1502 814 se
1547 760 1601 813 in
1649 753 1890 832 prandio,

364 890 437 946 ibi
482 908 533 946 v.
581 890 756 945 fertur
799 891 1054 944 mm‘tavit
1095 890 1178 960 pl.
1210 889 1281 943 72.
1329 903 1457 944 sese
1498 892 1533 943 i.
1576 906 1696 959 pru,
1741 903 1854 942 exc.
1902 886 2049 961 qnod
2097 886 2292 942 habent
2324 887 2361 941 B
2393 886 2525 942 Gen.
2571 891 2656 944 in-

364 978 564 1032 vitavit
602 975 730 1030 viri.

509 1059 639 1123 ,46
713 1061 849 1115 ludo
894 1067 955 1113 ut
999 1055 1080 1113 48
1123 1059 1259 1114 ludo
1304 1075 1377 1114 ac
1422 1057 1764 1114 sermonibu'
1810 1060 2044 1113 nostri-e.

534 1144 636 1200 47.
696 1148 839 1199 scito
871 1159 917 1197 e.
952 1159 1005 1215 q.
1040 1159 1113 1204 s.;
1161 1142 1417 1215 pleraque
1460 1141 1697 1197 inlibris
1729 1141 1915 1197 Lucilii
1962 1141 2113 1196 suere
2145 1135 2538 1215 συμποσιακά.
2586 1172 2652 1182 -

362 1230 705 1286 mortalibus
748 1243 847 1301 pro
892 1228 1228 1297 hominibuS,
1273 1234 1334 1281 ut
1379 1243 1538 1300 saepe
1568 1226 1707 1300 apud
1741 1228 1949 1300 priscos
1979 1227 2274 1298 scriptores
2305 1226 2540 1282 Latinos.
2574 1257 2655 1265 —

362 1317 679 1385 dapsilius;
722 1320 850 1368 nota
893 1312 1308 1385 comparativum
1354 1311 1596 1367 adiectivi
1643 1328 1671 1365 e
1718 1312 1917 1366 Graeco
1964 1326 2213 1366 sermone
2255 1310 2540 1384 adsumpti.
2573 1342 2658 1351 —

364 1400 430 1453 de
477 1415 699 1454 caesura
745 1396 966 1452 alterius
1011 1414 1061 1451 v.
1108 1396 1192 1451 cs.'
1227 1396 1262 1451 l.
1309 1413 1363 1450 u.
1413 1395 1553 1452 369.

533 1482 637 1538 48.
717 1485 883 1537 cuius
927 1481 1252 1554 monosyll.,
1309 1481 1378 1535 cl'.
1426 1480 1478 1535 d.
1529 1498 1571 1535 r.
1620 1498 1691 1535 m.
1742 1480 1884 1536 271.
1922 1470 2024 1520 ⁰—
2080 1480 2346 1553 iungenda
2393 1484 2559 1538 cuius
2604 1490 2657 1535 et

365 1570 646 1640 vet-qima,-
693 1569 843 1623 voltu
875 1574 929 1621 et
957 1565 1117 1633 facie
1147 1565 1323 1620 dativi.
1373 1596 1455 1604 —
1500 1574 1626 1620 nota
1676 1567 1849 1620 minus
1880 1564 2160 1638 eleganter
2190 1566 2424 1638 positum
2458 1565 2655 1638 duplex

364 1669 455 1708 ac.
503 1683 587 1691 -—
637 1653 884 1723 varyinis
914 1649 1208 1705 secundnm
1250 1666 1492 1705 arcanam
1537 1651 1797 1705 rationem
1839 1666 2119 1723 sonorum,
2165 1658 2226 1703 ut
2267 1648 2306 1721 l,
2340 1646 2425 1703 23
2468 1653 2657 1706 vellis:

363 1739 432 1793 ita
479 1737 535 1791 in
582 1736 795 1792 Caecilii
838 1750 998 1790 versu
1045 1735 1317 1790 trochaico
1364 1736 1455 1807 qui
1500 1734 1705 1808 legitur
1756 1734 1890 1797 101,
1924 1733 2004 1790 23
2050 1749 2251 1790 nomen
2285 1737 2520 1806 viryinis
2548 1737 2660 1789 nisi

363 1825 629 1877 mirumst
682 1823 1060 1893 deinteyravie
1102 1864 1253 1883 -ν,
1299 1818 1520 1892 praebet
1564 1818 1623 1876 1.
1652 1819 1683 1874 1
1744 1821 2020 1891 veryim‘ffl
2080 1819 2221 1874 idem
2268 1808 2420 1890 227,
2466 1818 2543 1874 15
2601 1820 2656 1873 in

364 1906 546 1961 Titinii
592 1922 664 1961 m.
704 1906 732 1960 1
785 1919 974 1976 veryo.
1048 1903 1172 1958 talia
1217 1913 1394 1960 antem
1440 1904 1699 1977 pleraque
1744 1903 2081 1959 librariorum
2126 1903 2356 1957 arbitriis
2399 1904 2655 1958 inmutata

364 2007 482 2045 esse
511 1998 598 2045 sat
629 1997 861 2046 constat.
930 1997 1033 2044 cet.
1066 1988 1136 2044 cl'.
1170 1988 1236 2043 de
1270 1989 1352 2044 his
1384 2005 1520 2061 quae
1555 1997 1684 2044 sunt
1717 2004 1909 2060 vet-90,
1941 2002 2140 2060 vet-qa,
2183 1989 2440 2058 vendico,
2486 1990 2655 2059 vella,

366 2091 538 2148 veqeo
584 2076 704 2130 sim.
752 2072 958 2128 Bitsch.
1006 2089 1093 2147 op.
1144 2072 1203 2135 ΙΙ,
1238 2072 1358 2130 779
1390 2090 1509 2146 sqq.

531 2158 639 2215 49.
714 2161 1085 2230 euplocamo,
1131 2174 1232 2212 vox
1279 2157 1584 2221 Homerica;
1630 2160 1704 2214 ita
1750 2156 1871 2213 alibi
1917 2149 2403 2232 καλλιπλόκαμος.
2447 2187 2529 2197 -—-
2573 2159 2655 2213 di-

363 2248 524 2317 9i1i83
570 2245 703 2299 haec
748 2244 793 2298 si
837 2250 984 2298 recte
1030 2242 1188 2298 hahet
1232 2244 1519 2315 scriptura,
1563 2241 1924 2315 supplendum
1973 2252 2030 2297 ιιι
2076 2252 2200 2315 puta
2247 2250 2434 2314 aptat.

535 2327 639 2384 51.
716 2343 818 2401 eqo
860 2344 962 2401 pro
1008 2343 1244 2400 equam.-
1289 2329 1340 2383 in
1387 2342 1547 2382 versu
1592 2325 1720 2382 Luc.
1769 2343 1853 2400 ap.
1904 2326 2132 2382 Macron.
2167 2327 2247 2391 Vl,
2281 2328 2342 2399 9,
2377 2329 2446 2383 11
2499 2326 2677 2383 habet.

363 2413 499 2470 liber
531 2415 772 2487 optimus
812 2428 914 2485 eqo
944 2416 1223 2486 equitare.
1259 2442 1332 2452 -
1370 2428 1575 2484 equam
1606 2422 1662 2468 te
1693 2426 1889 2467 acrem
1920 2419 2095 2484 atque
2128 2416 2440 2479 animosam
2481 2413 2653 2467 Thes·

365 2503 549 2557 salam
596 2506 652 2555 et
704 2500 1062 2561 indomitam3
1117 2496 1370 2553 Horatius
1425 2512 1576 2570 quae
1632 2499 1784 2554 velut
1835 2499 1974 2553 latis
2017 2513 2166 2569 equa
2221 2501 2391 2553 trima
2437 2500 2658 2568 campis

364 2587 509 2641 ludit
552 2587 833 2640 exultans
876 2587 1181 2655 metuitque
1239 2586 1414 2655 tanyi.
1500 2585 1573 2637 ita
1629 2591 1684 2638 et
1740 2583 2016 2636 Anacreon
2072 2582 2314 2638 versibus
2372 2584 2463 2655 qui
2519 2581 2656 2636 infra

365 2669 678 2725 afferentur.
725 2697 809 2708 —
860 2669 1229 2735 Thessalam;
1280 2669 1551 2740 pretiosae
1606 2683 1776 2740 equae
1820 2666 2133 2729 Thessalae:
2191 2667 2334 2721 unde
2379 2666 2655 2721 oraculum

366 2764 518 2809 vetus
566 2749 756 2809 ἵππον
790 2746 1164 2826 Θεσσαλικὴν
1194 2747 1686 2825 Λακεδαιμονίαν
1719 2768 1779 2807 τε
1808 2752 2086 2826 γυναῖκα.
2131 2780 2209 2790 --
2257 2753 2656 2823 subiyamque:

366 2840 437 2893 ita
479 2840 814 2912 scripsimus,
863 2837 1036 2894 secuti
1083 2839 1303 2909 vestigia
1350 2836 1611 2892 librorum
1658 2846 1713 2892 et
1755 2838 1868 2909 ipsa
1914 2844 2146 2907 cogente
2176 2837 2468 2896 sententia;
2518 2851 2655 2907 quae

368 2923 522 2997 plane
568 2932 655 2978 est
699 2923 884 2978 eadem
928 2917 1119 2996 atque·-
1114 2923 1188 2976 in
1235 2920 1571 2977 nobilissimo
1618 2920 1924 2994 fragmento
1971 2921 2321 2975 Anacreontis

620 3053 780 3108 πῶλε
824 3046 1085 3144 Θρῃκίη,
1131 3046 1190 3105 τί
1224 3044 1300 3124 δή
1329 3068 1400 3124 με
1441 3044 1613 3119 λοξὸν
1658 3043 1915 3124 ὄμμασιν
1954 3043 2253 3124 βλέπουσα

624 3138 848 3211 νηλεως
891 3127 1132 3211 φεύγεις
1174 3131 1397 3202 δοκέεις
1439 3130 1506 3189 δέ
1545 3126 1608 3208 μ’
1656 3127 1837 3190 οὐδὲν
1875 3129 2096 3191 εἰδέναι
2138 3129 2346 3206 σοφόν.

621 3217 761 3278 ι’σθε
803 3238 912 3295 τοι,
952 3222 1146 3288 καλως
1186 3213 1297 3294 μὲν
1334 3214 1416 3275 α’ν
1456 3237 1543 3275 τοι
1585 3213 1690 3276 τὸν
1731 3213 1974 3320 ιχαλινὸν
2017 3207 2345 3294 ἐμβαλοιμι,

620 3299 799 3381 ἡνίας
844 3298 903 3361 δ’
950 3300 1101 3380 ἔχων
1141 3300 1456 3381 στρέφοιμί
1489 3296 1545 3358 σ’
1588 3296 1743 3378 ἀμφὶ
1786 3298 2039 3379 τέρματα
2081 3298 2324 3379 δρόμου.

367 3439 442 3493 ita
483 3444 539 3493 et
584 3437 875 3493 Go'ethius:

620 3566 707 3622 ich
751 3564 889 3621 liebe
934 3565 1087 3638 dich,
1136 3565 1274 3621 mich
1319 3566 1457 3620 reizt
1497 3564 1656 3620 deine
1702 3564 1905 3620 schone
1950 3562 2188 3640 Gestalt,

623 3650 734 3707 und
778 3649 886 3705 bist
930 3650 1002 3705 du
1048 3651 1197 3706 nicht
1241 3650 1447 3723 willig,
1493 3665 1555 3705 so
1601 3649 1821 3705 brauch'
1867 3648 1949 3704 ich
1997 3647 2228 3703 Gewalt.

538 3780 638 3836 52.
698 3778 830 3834 illud
878 3787 1011 3835 ante
1043 3787 1330 3853 postquam
1376 3796 1441 3835 ex
1486 3781 1669 3853 priore
1700 3780 2004 3853 fragmento
2037 3780 2383 3851 removimus,
2431 3778 2514 3834 hic
2546 3797 2658 3834 om·

372 3866 497 3920 nino
541 3864 750 3920 nullum
796 3863 955 3920 habet
998 3864 1204 3919 locum:
1250 3866 1376 3920 alias
1422 3874 1570 3920 certe
1614 3863 1896 3920 mirificum
1938 3864 1992 3919 in
2040 3862 2255 3918 modum
2303 3864 2606 3942 langueret.

540 3948 637 4004 54.
713 3950 818 4003 hoc
862 3949 1024 4021 srgm.
1055 3957 1125 4004 -et
1172 3951 1419 4021 proximo
1464 3951 1551 4023 agi
1595 3949 1811 4004 videtur
1855 3948 1922 4003 de
1969 3956 2135 4021 nupta
2179 3964 2313 4021 quae
2347 3948 2657 4014 occasiones

335 4032 671 4089 adulterum
717 4032 922 4089 visendi
968 4041 1201 4089 enarrat.
1290 4037 1453 4090 etiam
1507 4032 1860 4107 sequentibus
1915 4040 2174 4106 quattuor
2229 4032 2295 4087 de
2341 4031 2525 4086 eadem
2570 4032 2657 4104 agi

371 4126 524 4190 puto.
573 4150 648 4159 —
696 4120 860 4190 apud
902 4115 1234 4192 αανῖῇοειης
1276 4118 1500 4175 videnda
1546 4134 1684 4190 quae
1729 4119 1910 4174 notavi
1956 4118 2019 4171 ad
2068 4115 2213 4178 Vllll‚
2261 4115 2360 4174 30.

540 4202 637 4259 56.
712 4205 800 4258 hic
845 4220 1036 4258 versus
1081 4202 1219 4259 bene
1262 4205 1466 4277 poterit
1510 4201 1699 4258 referri
1745 4203 1807 4258 ad
1854 4202 2151 4257 adulteram
2184 4200 2497 4274 inpermissa
2537 4198 2657 4255 libi-

374 4285 500 4341 dine
540 4290 616 4344 rei
662 4288 988 4344 domesticae
1033 4289 1435 4362 neglegentem.
1513 4303 1630 4342 nam
1665 4286 1865 4361 probae
1897 4287 2121 4341 feminae
2152 4284 2370 4341 eaedem
2401 4282 2655 4340 lanificae.

277 4373 288 4388 “
374 4398 464 4411 -—
500 4376 690 4445 pallor
735 4382 792 4430 ut
837 4371 980 4447 apud
1027 4371 1294 4427 Tibullum
1336 4373 1548 4429 iacebis
1590 4377 1746 4429 inter
1789 4389 1935 4429 arva
1973 4372 2233 4444 pallidus
2275 4372 2405 4427 situ.
2490 4371 2660 4445 igitur
