3267 5075
981 421 1437 477 TESTIMONIA
1473 421 1570 477 DE
1610 421 1916 477 LUCILIO.
2467 420 2597 485 293

302 589 607 664 exemplum
671 597 899 663 propter
966 598 1076 645 tres
1144 591 1485 662 potissimum
1554 605 1739 645 causas
1805 589 1869 644 ad
1938 591 2252 663 gravitatem
2322 590 2595 663 epicorum

300 673 831 731 commonstrandam
877 675 1166 747 proposuit
1208 673 1491 730 Horatius·
1536 675 1791 747 primum,
1839 673 1984 747 quod
2015 672 2338 732 discordiam
2367 690 2468 748 pro
2500 673 2598 730 dea

300 759 605 816 discordiae
649 758 804 831 dixit,
849 757 1043 814 deinde
1086 766 1328 843 propter
1356 757 1630 829 adiectiva,
1682 775 1819 834 quae
1863 766 1992 814 sunt
2036 757 2255 815 ‘taeter'
2300 767 2355 815 et
2406 756 2599 815 ‘ferra-

302 843 448 900 tus’·
433 887 450 914 ‚
499 861 529 900 e
574 843 769 917 quibus
814 843 948 899 illud
994 859 1023 898 a
1065 842 1252 899 multis
1308 852 1589 917 poetarum
1637 849 1691 899 et
1734 844 1957 900 maxime
2013 840 2387 900 humilioribus
2444 844 2617 899 vitari*

301 930 489 986 monui
536 927 601 983 ad
645 945 693 984 c.
742 928 828 1001 ΙΙΙ,
878 928 977 998 11,
1026 927 1137 999 19,
1195 928 1299 984 hoc
1354 937 1409 984 et
1464 929 1641 1002 ipsum
1686 935 1749 983 ut
1791 926 1890 983 alia
1936 944 2071 1002 quae
2119 928 2174 984 in
2220 935 2355 984 atus
2398 936 2599 983 exeunt

301 1013 516 1070 maioris
570 1029 692 1069 esse
735 1014 959 1087 spiritus
1016 1019 1230 1069 constat
1294 1011 1598 1088 plerisque;
1654 1011 1889 1088 denique
1945 1019 2169 1086 propter
2221 1010 2596 1068 abundantiam

301 1097 534 1168 dicendi,
583 1113 719 1171 quae
764 1105 849 1153 est
891 1096 1083 1153 inillis
1124 1104 1323 1169 postes
1354 1105 1694 1171 portasque.
1771 1098 1872 1153 hac
1901 1098 2042 1153 enim
2073 1097 2284 1170 saepius
2327 1096 2510 1171 epicos
2542 1105 2597 1153 et

301 1184 541 1257 tragicos
575 1182 808 1254 Vergilio
839 1184 1049 1255 priores
1093 1197 1212 1238 esse
1243 1198 1372 1237 usos
1404 1180 1579 1239 doctis
1611 1181 1753 1237 haud
1795 1182 2064 1256 ignotum.
2108 1211 2194 1223 —--
2239 1180 2593 1239 105—106.

299 1270 546 1325 insuevit
586 1274 763 1340 pater
806 1270 1052 1340 optimus
1092 1268 1203 1323 noc
1247 1283 1335 1324 me
1364 1274 1427 1323 ut
1465 1266 1749 1341 fuyerem,
1799 1269 2080 1338 exemplis
2119 1269 2378 1324 vitiorum
2423 1282 2598 1339 quae-

300 1369 411 1426 que
454 1353 709 1409 notando
721 1375 742 1416 ;
797 1353 900 1407 etsi
955 1350 1086 1407 nihil
1142 1349 1284 1407 laudi
1340 1350 1546 1408 Horatii
1600 1352 1838 1425 parentis
1895 1351 2053 1407 velim
2099 1350 2431 1424 detractum,
2485 1367 2597 1407 non

302 1446 482 1494 tamen
537 1443 724 1510 potest
783 1437 968 1509 negari
1013 1434 1274 1493 Lucilium
1331 1443 1386 1492 et
1429 1437 1606 1510 ipsum
1652 1437 1948 1510 propositis
1994 1435 2287 1510 exempliS,
2348 1452 2486 1509 quae
2531 1452 2598 1492 ex

200 1539 207 1545 ·
300 1520 637 1597 principibus
682 1521 909 1577 civitatis
954 1521 1067 1576 sive
1112 1536 1174 1576 ex
1219 1519 1379 1594 plebe
1422 1536 1524 1595 pro
1557 1518 1780 1577 arbitrio
1814 1529 2136 1592 assumeret,
2181 1521 2435 1575 vitiorum
2475 1536 2597 1594 per-

301 1608 614 1663 versitatem
657 1606 769 1661 sive
814 1603 1125 1661 foeditatem
1181 1607 1394 1677 saepius
1439 1604 1860 1661 demonstrasse.
1950 1621 2052 1660 nec
2093 1604 2351 1661 abhorret
2393 1621 2421 1660 a
2468 1621 2596 1660 vero
2628 1666 2645 1675 ο

297 1693 557 1748 maiorem
615 1699 819 1764 partem
863 1705 1251 1762 personarum,
1307 1707 1440 1764 quas
1484 1689 1626 1746 solet
1670 1706 1874 1764 ponere
1918 1691 1973 1745 in
2019 1689 2274 1764 exemplis
2320 1688 2595 1761 Horatius,

297 1784 631 1851 assumptam
677 1791 741 1831 ex
786 1773 1011 1831 Lucilio.
1119 1786 1124 1793 ·

471 1859 575 1917 18.
623 1858 804 1917 1-8,
871 1855 1065 1916 Lucili
1106 1887 1188 1902 --
1230 1866 1293 1916 ut
1348 1861 1584 1916 redeam
1625 1856 1795 1924 ileuc'3
1845 1859 1900 1914 hi
1944 1875 2162 1928 versuS‚
2210 1860 2338 1932 quin
2387 1858 2592 1915 Horatii

297 1954 549 2020 tempore
594 1943 705 2000 sint
748 1945 1034 2018 compositi
1077 1960 1189 2001 non
1234 1953 1319 2000 est
1360 1942 1612 2016 dubium,
1658 1944 1755 2000 sed
1784 1960 1813 1999 a
1845 1960 1956 2018 quo
1999 1945 2295 2006 incertum;
2342 1942 2472 2005 Cato
2501 1944 2595 2000 ille

299 2030 441 2087 haud
480 2028 644 2085 dubie
674 2026 893 2085 Publius
926 2028 1166 2084 Valerius
1211 2027 1364 2101 Cato,
1408 2030 1563 2085 cuius
1607 2030 1768 2084 vitam
1799 2036 2011 2084 enarrat
2041 2029 2353 2085 Suetonius,
2382 2057 2467 2068 —-
2495 2033 2598 2102 qui

295 2118 446 2172 male
486 2114 688 2188 factos
733 2115 1042 2170 emendare
1080 2120 1262 2184 parat
1302 2128 1537 2177 versus‚·
1582 2113 1688 2169 hoc
1727 2114 1887 2170 unico
1920 2113 2165 2187 exemplo
2198 2121 2348 2169 certo
2380 2120 2621 2169 constat*

298 2196 679 2273 grammaticos
726 2199 984 2271 temporis
1029 2199 1261 2272 Augusti
1306 2197 1634 2272 castigandis
1679 2206 1920 2254 veterum
1950 2207 2234 2272 poetarum
2265 2199 2452 2254 metris
2497 2200 2594 2254 mi-

299 2302 399 2340 nus
445 2282 809 2357 elegantibus,
855 2298 992 2356 quae
1035 2282 1349 2339 viderentur
1371 2284 1546 2356 ipsis,
1592 2299 1812 2357 operam
1856 2298 2109 2353 navasse3
2156 2299 2218 2338 ac
2246 2290 2423 2338 tamen
2461 2284 2592 2356 quin

297 2369 436 2425 idem
485 2377 542 2424 et
585 2368 689 2424 hoc
733 2374 788 2423 et
830 2367 1075 2441 proximo
1119 2367 1336 2424 saeculo
1368 2369 1580 2442 saepius
1613 2366 1866 2425 acciderit
1895 2368 1980 2423 vix
2019 2366 2228 2424 dubito.
2277 2396 2360 2408 —
2405 2366 2592 2425 4—6.

297 2472 408 2528 quo
465 2455 670 2510 melior
726 2455 816 2509 vir
871 2458 925 2509 et
968 2459 1053 2509 est
1104 2454 1272 2526 lonqe
1326 2453 1588 2510 subtilior
1632 2454 1761 2525 illo,
1818 2456 1920 2526 qui
1959 2455 2195 2509 multum
2245 2469 2494 2524 puerum
2538 2460 2619 2508 et·

293 2543 437 2598 loris
485 2545 541 2597 et
579 2538 823 2612 funibus
866 2539 995 2594 udis
1039 2538 1386 2595 exhortatus
1429 2545 1565 2601 etc.;
1625 2538 1713 2593 hic
1756 2539 1849 2611 qui
1893 2536 2056 2594 fuerit
2100 2539 2407 2594 etiamnunc
2449 2539 2593 2596 inter

295 2624 494 2681 doctos
549 2640 659 2679 nou
720 2624 1003 2686 convenit;
1061 2621 1276 2696 quidam
1331 2621 1554 2679 Lucium
1610 2621 1867 2678 Orbilium
1922 2630 2329 2697 praeceptorem
2386 2622 2592 2680 Horatii

295 2717 646 2783 putaverunt.
692 2737 777 2749 —-
821 2715 1027 2764 contra
1065 2707 1315 2779 fastidia
1360 2714 1596 2771 nostra,-
1640 2723 1778 2780 quae
1823 2713 2002 2764 tamen
2031 2724 2176 2763 saec.
2226 2726 2277 2781 p.
2310 2706 2435 2764 Chr.
2484 2707 2591 2764 n.l

184 2798 188 2802 ’
293 2796 456 2851 etiam
502 2792 675 2849 multo
723 2791 875 2852 fuere
917 2793 1141 2848 acriora.
1183 2822 1266 2833 -
1312 2792 1367 2849 8.
1425 2798 1488 2849 ut
1532 2793 1767 2864 redeam
1807 2794 1978 2856 illuc;
2022 2809 2120 2866 pro
2167 2793 2250 2849 his
2295 2793 2477 2848 nescio
2524 2809 2589 2847 an

293 2879 469 2935 aliena
514 2878 812 2951 antiquitus
858 2875 1049 2933 tradita
1095 2876 1300 2933 fuerint
1354 2885 1410 2933 et
1465 2876 1530 2932 ab
1574 2892 1641 2932 eo
1700 2877 1790 2950 qui
1842 2877 2204 2951 fragmentum
2260 2876 2393 2933 illud
2437 2893 2586 2955 prae-

292 2964 485 3036 posuit
527 2978 688 3044 carm.
734 2961 816 3021 10
858 2960 950 3018 lib.
999 2961 1019 3017 l
1064 2961 1270 3017 Horatii
1316 2962 1557 3032 inversa,
1605 2978 1714 3035 quo
1760 2961 1951 3017 melius
1997 2961 2393 3036 responderent
2434 2962 2587 3018 Initio

291 3056 532 3105 saturae.

470 3149 569 3207 19.
647 3147 793 3222 quod
836 3156 1020 3205 satura
1051 3156 1241 3222 quarta
1286 3147 1407 3205 libri
1452 3149 1609 3222 primi
1654 3147 1720 3204 de
1749 3147 1955 3205 Lucilio
1986 3149 2289 3223 protulerat
2331 3149 2587 3205 iudicium

295 3234 578 3305 Horatius,
622 3232 713 3289 ubi
758 3232 888 3289 vidit
928 3233 1223 3289 incurrisse
1267 3236 1322 3290 in
1354 3233 1680 3290 offensiones
1711 3235 2157 3307 antiquariorum,
2203 3235 2302 3290 iam
2331 3241 2587 3289 retracta-

293 3329 411 3376 tum
456 3317 700 3375 defendit
742 3317 981 3374 calidiuS.
1063 3318 1253 3398 ἱ1-4.
1296 3319 1418 3397 *huc
1459 3319 1701 3392 respexit
1732 3318 2088 3392 Hieronymus
2131 3319 2291 3392 epist.
2327 3317 2393 3374 ad
2435 3316 2586 3374 Pam-

292 3405 563 3460 machium
607 3411 682 3468 et,
707 3402 973 3458 Oceanum
1018 3406 1313 3460 mordetur
1354 3410 1410 3460 et
1452 3404 1726 3474 Luciliu8‚
1771 3404 1924 3477 quod
1963 3406 2334 3475 incomposito
2378 3411 2588 3460 currat

291 3492 440 3562 pede
486 3494 541 3545 et
586 3495 775 3544 tamen
818 3489 976 3544 sales
1007 3491 1142 3544 'eius
1184 3491 1457 3562 leposque
1499 3489 1824 3544 laudantur
1868 3496 1923 3544 et
1967 3503 2025 3543 ea
2061 3503 2218 3561 quam
2265 3486 2329 3542 ad
2361 3495 2585 3543 matrem

295 3584 349 3631 et
405 3572 567 3629 liliam
622 3573 678 3627 in
736 3570 900 3627 Gallia
957 3579 1353 3628 commorantes
1405 3571 1553 3629 dedit
1596 3574 1694 3629 ubi
1746 3575 1846 3630 illa
1904 3574 2190 3647 quondam
2235 3574 2585 3643 constantia,

293 3664 351 3715 in
396 3677 514 3732 qua
559 3659 732 3714 multo
776 3659 902 3713 sale
944 3658 1143 3715 urbem
1186 3656 1281 3729 (ita
1326 3657 1495 3728 docti,
1541 3675 1589 3713 v.
1636 3656 1851 3729 orbem)
1894 3657 2197 3730 defricans
2225 3657 2584 3714 Lucilianum

295 3746 589 3817 quippiam
636 3742 924 3802 rettulisti.
1015 3742 1071 3798 7.
1121 3741 1178 3800 8.
1235 3759 1349 3815 non
1393 3745 1539 3799 satis
1583 3750 1666 3799 esi
1711 3746 1837 3799 risu
1879 3744 2154 3799 diducere
2183 3745 2390 3798 rictum
2421 3745 2583 3799 audi-

296 3833 436 3886 toris
450 3853 468 3893 ,-
522 3843 652 3882 sane
695 3824 954 3882 Lucilium
997 3827 1265 3883 interdum
1311 3826 1556 3901 cupidius
1601 3828 1868 3901 expetisse
1913 3828 2080 3883 risum
2131 3827 2428 3901 legentium
2474 3844 2584 3883 non

295 3921 480 3988 potest
533 3912 755 3986 negari,
812 3927 991 3985 neque
1046 3911 1244 3967 desunt
1298 3907 1518 3968 facetiae
1573 3913 1723 3983 eius,
1780 3928 1916 3985 quae
1972 3911 2036 3967 ad
2101 3928 2339 3991 summae
2394 3928 2583 3968 caveae

294 4003 635 4073 spectatores
678 3998 862 4070 potius
908 4012 1067 4070 quam
1100 3996 1163 4052 ad
1194 4012 1288 4052 eos
1325 3997 1418 4070 qui
1450 3997 1502 4051 in
1534 3995 1938 4070 quatuordecim
1983 3995 2237 4053 sederent
2282 3995 2581 4069 ordinibuS,

293 4083 578 4139 videantur
618 4081 911 4155 pertinere.
1005 4080 1272 4137 11—14.
1321 4090 1376 4138 et
1418 4095 1682 4138 sermone
1712 4097 1858 4153 opus
1888 4089 1975 4138 est
2004 4083 2162 4138 modo
2194 4083 2363 4150 tristi,
2405 4096 2582 4152 saepe

292 4172 507 4239 iocoso,
536 4166 880 4240 defendente
912 4170 1088 4223 vicem
1117 4168 1277 4223 modo
1301 4167 1551 4223 rhetoris
1580 4173 1754 4239 atque
1777 4175 2007 4238 poetae,
2035 4167 2321 4222 interdum
2350 4167 2580 4237 urbani,

286 4254 595 4326 parcentis
639 4253 855 4328 uiribus
900 4259 1074 4324 atque
1118 4254 1490 4308 extenuantis
1523 4267 1639 4308 eas
1681 4253 1972 4314 consulto,·
2015 4250 2166 4306 locus
2197 4248 2459 4321 difficilis,
2507 4252 2580 4306 ita

296 4346 471 4393 tamen
506 4343 729 4410 utputo
758 4335 1179 4412 intellegendus,
1225 4343 1285 4391 ut
1313 4336 1564 4392 Horatius
1595 4334 1887 4409 exprobret
1916 4334 2141 4405 Lucilio,
2188 4333 2356 4409 quod,
2397 4351 2581 4408 quam-

296 4438 451 4495 quam
499 4421 696 4477 nimius
736 4428 978 4495 captator
1020 4422 1184 4492 risus,
1229 4420 1528 4494 elegantiae
1559 4420 1870 4476 facetiarum
1901 4422 2075 4476 minus
2105 4419 2194 4475 ille
2225 4419 2578 4476 consuluerit.
