3267 5075
621 376 819 436 XLIV
1080 367 1612 434 QUAESTIONUM
1650 366 2209 423 LUCILIANARUM
2245 368 2477 424 LIBER.

622 539 1151 616 grammaticorum
1204 540 1268 597 et
1306 538 1787 611 scholiastarum,
1831 529 2133 613 postremo
2183 541 2526 599 ceterorum.
2562 541 2922 616 scriptorum

624 664 906 722 ponerem
934 646 1292 718 testimonia,
1331 648 1395 704 et
1428 645 1669 722 quidem
1698 664 1768 704 eo
1806 646 1984 721 plane
2011 645 2233 718 ordine,
2270 665 2390 722 quo
2418 647 2749 722 antiquitus
2778 650 2923 707 sunt

624 753 862 812 tradita.

800 853 1172 936 Ubicumque
1210 880 1344 919 cum
1381 860 2059 937 probabilitate-species
2093 860 2296 936 aliqua
2321 880 2532 921 versus
2561 861 2717 920 effici
2744 882 2921 939 posse

626 967 958 1041 videbatur,
989 969 1306 1043 segregavi
1333 967 1548 1026 Lucilii
1574 968 1761 1028 verba
1787 968 1863 1026 ab
1892 987 2097 1026 eorum
2124 968 2227 1043 qui
2255 968 2530 1028 afferunt.
2584 969 2830 1045 reliquis
2858 971 2922 1029 in

610 1074 770 1133 iocis
798 1074 1001 1132 iuncta
1028 1075 1352 1148 producere
1379 1075 1581 1135 malui.

804 1179 1124 1240 Praeterea
1164 1200 1197 1239 e
1236 1200 1303 1239 re
1344 1183 1485 1240 duxi
1524 1183 1588 1240 in
1629 1182 1947 1241 afferendis
1999 1182 2357 1257 scriptorum
2396 1182 2755 1242 testimoniis
2801 1203 2923 1243 non

628 1287 841 1345 Lucilii
858 1288 1034 1347 modo
1055 1288 1159 1347 sed
1179 1288 1359 1347 etiam
1378 1308 1583 1348 eorum
1601 1289 1707 1365 qui
1724 1292 1903 1349 antea
1921 1290 1997 1349 ob
2018 1279 2267 1349 eandem
2286 1288 2384 1349 vel
2403 1288 2659 1348 similem
2676 1308 2921 1349 causam

626 1395 793 1454 citati
820 1397 993 1454 erant
1019 1394 1373 1470 scriptorum
1400 1414 1701 1472 apponere
1728 1396 1985 1458 nomina.
2040 1414 2078 1455 a
2103 1415 2223 1473 qua
2245 1414 2459 1455 norma
2483 1383 2736 1469 diversa,
2764 1415 2923 1472 quae

627 1521 770 1561 sane
824 1504 966 1561 sunt
1008 1502 1381 1577 paucissima,
1429 1504 1622 1563 acrius
1668 1503 2027 1562 rimantibus
2079 1502 2345 1578 singulos
2391 1503 2924 1579 grammaticorum

624 1608 784 1669 locos
812 1608 986 1667 facile
1014 1609 1470 1669 excusabuntur.

804 1715 894 1775 De
930 1717 1089 1775 notis
1125 1718 1327 1775 autem
1363 1736 1517 1793 quae
1553 1717 1907 1793 fragmentis
1935 1715 2237 1792 plerisque
2269 1699 2412 1775 sunt
2436 1716 2676 1776 additae
2704 1718 2790 1776 sic
2818 1719 2924 1777 ha-

626 1824 781 1883 beto.
836 1823 1055 1882 litteris
1084 1824 1286 1882 latinis
1317 1825 1640 1883 secundum
1677 1823 1982 1899 alphabeti
2010 1822 2279 1883 ordinem
2305 1824 2593 1899 appositis
2619 1824 2925 1884 indicatur

624 1934 733 1990 aut
774 1933 939 1990 certo
985 1930 1133 1989 satis
1178 1933 1286 1990 aut
1330 1931 1477 1991 satis
1523 1930 1915 2007 probabiliter
1949 1948 2125 2005 posse
2162 1931 2350 1989 statui
2390 1931 2731 2006 fragmenta
2763 1950 2923 2006 quae

624 2039 758 2097 istis
801 2041 944 2097 sunt
983 2038 1221 2113 signata
1265 2039 1408 2097 olim
1449 2056 1601 2096 nexa
1630 2029 1864 2096 'interse
1906 2040 1969 2096 et
2007 2037 2289 2096 continua
2329 2037 2426 2097 vel
2468 2036 2662 2097 vicina
2701 2037 2921 2096 saltem

624 2144 826 2204 fuisse.
890 2146 957 2203 at
990 2144 1219 2220 graecis
1255 2145 1474 2204 litteris
1511 2144 1757 2216 adiectis
1799 2143 2137 2203 declaratur
2177 2143 2516 2220 fragmenta
2554 2162 2923 2219 quamquam

623 2251 789 2311 nullo
815 2251 879 2309 in
906 2254 1198 2327 quantum
1225 2254 1544 2328 appareret
1568 2270 1727 2311 nexu
1748 2252 2028 2327 copulata
2052 2253 2256 2309 tamen
2283 2251 2359 2309 ad
2387 2251 2683 2310 Luciliani
2719 2252 2920 2326 operis

621 2358 1018 2434 proprietates
1033 2359 1219 2435 probe
1234 2360 1667 2435 pernoscendas
1681 2357 1843 2417 haud
1863 2357 2157 2416 inutiliter
2173 2357 2296 2434 legi
2311 2358 2575 2417 iunctim.
2603 2358 2700 2417 hic
2715 2362 2921 2417 tamen

624 2484 696 2524 ea
722 2465 817 2524 usi
845 2485 1050 2525 sumus
1077 2465 1230 2543 lege,
1258 2465 1342 2532 ssne
1370 2485 1656 2543 umquam
1691 2466 2076 2553 iungeremus
2120 2484 2191 2524 ea
2225 2483 2380 2542 quae
2414 2464 2491 2523 ad
2529 2464 2769 2525 diversa
2804 2467 2923 2526 uti·

623 2592 739 2649 que
765 2574 1137 2649 pertinerent
1162 2576 1371 2634 metra.
1415 2606 1489 2620 —-
1531 2574 1752 2649 itaque,
1784 2577 1853 2633 ut
1876 2573 1989 2633 hoc
2016 2573 2285 2649 exemplo
2313 2575 2467 2646 utar,
2494 2573 2636 2631 libri
2662 2572 2720 2649 V
2745 2573 2921 2634 initio

623 2680 810 2757 signis
847 2699 1000 2756 quae
1037 2680 1159 2739 dixi
1193 2681 1478 2740 adhibitis
1516 2681 1855 2740 declaratur
1888 2681 2066 2756 frgm.
2110 2684 2163 2740 1.
2204 2681 2262 2738 2.
2294 2682 2350 2739 3.
2392 2680 2429 2739 5
2468 2679 2689 2739 artiore
2724 2682 2921 2740 teneri

621 2805 791 2861 nexu,
821 2787 963 2863 quia
989 2787 1065 2846 ad
1094 2788 1349 2847 eundem
1368 2787 1670 2847 hominem
1694 2788 1836 2847 data
1864 2805 1993 2846 esse
2020 2787 2351 2860 videantur,
2382 2805 2569 2861 eaque
2596 2786 2731 2862 ipsa
2755 2787 2922 2847 haud

620 2894 821 2969 inepte
849 2894 1121 2969 componi
1149 2913 1286 2953 cum
1317 2896 1371 2968 6,
1409 2895 1567 2970 quod
1597 2897 1661 2953 et
1686 2895 1796 2954 hoc
1824 2897 1887 2953 et
1919 2894 2040 2954 illis
2079 2894 2472 2970 epistularum
2499 2893 2788 2969 reliquiae
2817 2896 2923 2954 ha-

621 3001 894 3074 beantur,
932 3000 1188 3076 denique
1218 3002 1256 3060 3
1295 3003 1358 3059 et
1394 3002 1434 3058 4
1472 3001 1624 3060 bene
1651 3002 1772 3078 legi
1808 3001 2072 3073 iunctim,
2108 2999 2389 3076 quoniam
2428 3001 2634 3059 eadem
2663 3003 2921 3078 utroque

621 3109 659 3167 l.
689 3106 1128 3168 constructione
1156 3107 1357 3167 standi
1383 3108 1636 3167 verbum
1665 3108 1746 3167 sit
1771 3107 2122 3167 adhibitum.

798 3215 984 3275 Porro
1038 3233 1193 3290 quae
1236 3214 1403 3272 nullo
1449 3214 1766 3274 voluminis
1811 3232 2058 3273 numero
2111 3213 2335 3272 tradito
2381 3214 2558 3274 certis
2604 3216 2922 3292 adsignavi

622 3323 806 3395 libris,
846 3321 1148 3382 asteriscis
1187 3323 1331 3381 sunt
1365 3321 1669 3397 insignita.
1725 3321 1828 3397 qui
1856 3321 1907 3380 si
1932 3321 2026 3379 bis
2055 3322 2223 3381 terve
2260 3339 2577 3396 operarum
2613 3323 2791 3399 culpa
2824 3342 2926 3381 ex-

620 3429 907 3502 ciderunt,
946 3428 1170 3505 poterit
1201 3427 1376 3488 facile
1411 3427 1473 3486 id
1509 3428 1668 3504 quod
1705 3446 1914 3487 verum
1952 3429 2046 3485 est
2081 3445 2153 3486 ex
2189 3430 2485 3503 apparatu
2512 3428 2716 3488 critico
2743 3429 2926 3488 intel-

619 3536 759 3613 legi.
801 3566 875 3577 -
910 3538 976 3595 at
1001 3534 1224 3612 duplici
1251 3534 1534 3595 asterisco
1562 3533 1754 3593 notati
1785 3535 1927 3592 sunt
1950 3553 2162 3593 versus
2193 3553 2334 3594 sane
2362 3553 2542 3610 quam
2570 3536 2760 3611 pauci,
2791 3538 2925 3612 qui-

621 3644 734 3703 bus
770 3662 889 3702 non
924 3642 1099 3702 modo
1133 3641 1452 3718 voluminis
1489 3642 1711 3712 notam,
1755 3639 1937 3700 etiam
1965 3640 2180 3700 Lucilii
2215 3660 2432 3701 nomen
2468 3642 2544 3701 de
2580 3643 2927 3704 coniectura

621 3750 839 3812 addidi.

798 3854 1168 3929 Imperitiam
1195 3854 1283 3913 rei
1308 3854 1606 3929 metricae,
1627 3872 1782 3931 quae
1799 3855 1861 3913 in
1881 3855 2008 3915 dies
2027 3856 2220 3933 magis
2248 3857 2481 3932 optinet
2505 3858 2704 3934 vulgo,
2736 3859 2925 3918 etiam

621 3964 779 4041 apud
808 3980 1015 4022 eorum
1052 3961 1399 4037 permultos,
1437 3962 1540 4037 qui
1567 3965 1882 4037 poetarum
1911 3962 2262 4022 Latinorum
2301 3982 2366 4022 se
2402 3964 2608 4023 ferunt
2637 3965 2921 4040 arbitrOS,

622 4076 691 4132 ut
716 4072 985 4132 iuvarem
1004 4068 1223 4129 additis
1252 4068 1328 4128 ad
1356 4067 1583 4128 iambos
1614 4072 1677 4129 et
1703 4070 2012 4131 trochaeos
2036 4070 2377 4130 accentibus
2396 4071 2770 4148 rhythmicis,
2800 4092 2924 4132 non

621 4177 789 4255 potui
817 4176 895 4237 ab
914 4175 1112 4236 animo
1131 4193 1263 4236 meo
1282 4175 1620 4251 impetrare.
1669 4178 1955 4237 hactenus
1975 4180 2176 4235 tamen
2193 4177 2416 4237 indulsi
2434 4179 2581 4238 vitio
2608 4178 2728 4252 isti,
2758 4182 2924 4256 quod

621 4285 837 4344 deflere
857 4282 1048 4359 possis
1068 4282 1301 4343 facilius
1321 4300 1501 4359 quam
1529 4284 1841 4361 corrigere,
1870 4286 1942 4343 ut
1964 4284 2028 4341 in
2053 4284 2278 4343 mancis
2305 4285 2531 4358 metris,
2560 4288 2923 4360 praesertim

622 4393 723 4455 ubi
754 4394 924 4453 erant
951 4388 1299 4465 difficiliora,
1330 4388 1547 4449 additis
1569 4390 1930 4450 declararem
1952 4390 2136 4467 signis
2156 4394 2304 4468 quot
2328 4392 2510 4468 pedes
2541 4381 2665 4451 siue
2694 4395 2923 4470 pedum
