3267 5075
1333 1324 1414 1397 L.
1524 1325 1593 1398 S.

496 1539 905 1596 Commentariis
951 1539 1221 1594 continuis
1281 1539 1477 1611 scripta
1525 1546 1766 1593 veterum
1812 1538 2082 1594 illustrare
2138 1541 2241 1595 etsi
2287 1539 2541 1597 abhorret
2586 1558 2615 1596 a

325 1642 477 1682 more
535 1632 762 1694 nostro,
820 1630 996 1678 tamen
1054 1623 1204 1678 facile
1261 1621 1632 1695 praevidebam
1689 1624 1936 1696 exiguam
1994 1622 2280 1678 admodum
2337 1625 2455 1680 sore
2514 1627 2616 1681 uti·

325 1709 531 1765 litatem
563 1709 893 1764 recensionis
925 1708 1107 1777 huiuS‚
1156 1708 1258 1762 nisi
1305 1707 1402 1762 hac
1448 1705 1637 1761 saltem
1683 1708 1964 1762 occasione
2002 1707 2195 1780 placita
2240 1708 2480 1782 alioquin
2524 1710 2614 1764 ab·

324 1793 575 1850 dicarem.
666 1809 784 1847 uam
836 1792 1064 1865 primum
1123 1807 1346 1861 eorum,
1406 1807 1541 1864 quae
1585 1791 1641 1846 in
1686 1790 1859 1846 verbis
1904 1790 2090 1846 Lucilii
2134 1793 2477 1863 novavimus⁷
2522 1795 2616 1849 ali-

325 1877 540 1951 quando
598 1885 715 1932 erat
758 1878 896 1931 ratio
954 1874 1243 1931 reddenda.
1322 1883 1598 1948 praeterea
1655 1877 1847 1930 mirum
1895 1877 1947 1930 in
1996 1874 2211 1931 modum
2268 1878 2611 1951 integerrima

326 1978 574 2035 quaeque
634 1971 688 2015 et
745 1961 1080 2034 apertissima
1140 1976 1275 2032 quae
1331 1976 1438 2014 non
1509 1959 1965 2033 intellegerentur
2019 1977 2140 2015 cum
2199 1960 2429 2016 viderem
2485 1979 2613 2017 con-

325 2048 545 2102 iecturis
594 2053 868 2118 temptata,
919 2045 1130 2115 saepius
1177 2045 1470 2100 necessitas
1517 2051 1634 2099 orta
1683 2053 1767 2099 est
1812 2043 1967 2099 verba
2014 2046 2129 2099 eius
2174 2045 2473 2100 invertendi
2518 2063 2615 2118 per

324 2130 688 2204 paraphrasim
736 2136 828 2183 aut
871 2128 1070 2199 alioqui
1103 2127 1388 2184 doctorum
1420 2127 1733 2183 confutandi
1781 2127 2014 2183 fraudes.
2089 2129 2320 2201 denique
2364 2131 2516 2202 siqua
2548 2147 2612 2184 ex

324 2215 557 2270 lectione
615 2215 797 2269 Latina
857 2212 939 2267 vel
986 2212 1180 2267 Graeca
1238 2214 1529 2267 memoriae
1572 2212 1935 2278 inhaeserant,
1969 2212 2058 2268 ubi
2091 2212 2265 2269 facere
2296 2213 2614 2317 videbantur

326 2299 387 2354 ast
436 2299 704 2371 reliquias
735 2297 996 2353 librorum
1039 2296 1278 2352 eiusdem
1323 2296 1669 2352 illustrandas
1713 2297 2025 2352 adiecimus.

497 2525 555 2582 0.
613 2524 806 2582 Lucili
814 2549 834 2587 ,·
888 2529 1192 2598 agnoscunt
1236 2538 1562 2596 praenomen
1622 2522 1838 2592 Cicero,
1898 2521 2182 2596 ApuleiuS,
2234 2522 2608 2599 IIieronymuS,

326 2611 557 2684 denique
601 2620 662 2665 ut
706 2618 840 2682 puto
885 2616 1075 2663 auctor
1117 2607 1377 2663 librorum
1424 2608 1486 2661 ad
1535 2606 1888 2670 Herennium;
1957 2624 2077 2662 nam
2132 2606 2298 2682 vulgo
2354 2611 2408 2665 in
2454 2610 2612 2666 huius

326 2694 477 2750 libris
523 2693 724 2767 ubique
779 2692 925 2748 audit
980 2692 1254 2748 Lucilius,
1302 2722 1377 2731 -
1437 2692 1723 2762 LuciliuS‚
1768 2709 1879 2747 nou
1923 2693 2228 2757 Lucillius,·
2282 2693 2426 2749 illam
2471 2697 2613 2750 enim

325 2781 557 2835 numinis
613 2778 839 2834 sormam
894 2785 949 2832 et
1006 2775 1428 2831 membranarum
1485 2785 1539 2831 et
1593 2775 1827 2849 lapidum
1885 2778 2206 2832 auctoritate
2261 2777 2465 2833 adstrui
2509 2781 2612 2834 iam

325 2865 482 2919 initio
537 2870 967 2919 commentorum
1025 2861 1232 2916 notavit
1287 2860 1479 2915 Dousa.
1570 2867 1827 2934 quantum
1885 2859 1949 2915 ad
1998 2862 2122 2929 hos,
2182 2859 2368 2916 Lucilii
2414 2878 2611 2919 nomen

329 2947 492 3003 habes
535 2949 698 3004 iuscr.
742 2946 836 3001 lat.
882 2945 902 3000 1
947 2944 1092 3015 408,
1141 2944 1284 3015 721,
1327 2945 1408 3000 bis
1458 2943 1638 3014 1430,
1686 2937 1920 3017 denique
1963 2945 2144 3001 Lucil.
2193 2946 2228 3000 i.
2265 2962 2312 3000 e.
2361 2946 2612 3003 Lucilia·

327 3049 439 3089 nus
486 3031 674 3088 1227:
707 3032 789 3086 ,in
844 3029 1116 3085 codicibus
1172 3028 1338 3102 louge
1395 3028 1827 3101 frequentissima
1884 3029 2054 3085 forma
2113 3030 2324 3099 eadem,
2384 3047 2491 3086 non
2553 3040 2615 3087 ut

326 3118 400 3172 sit
443 3115 774 3190 probandum
832 3113 976 3187 quod
1032 3114 1086 3169 iu
1131 3113 1367 3169 editione
1413 3113 1633 3168 Merceri
1692 3112 1897 3187 legitur
1951 3113 2152 3186 ubique
2207 3113 2484 3171 Lucillius.
2527 3145 2614 3157 -—

326 3201 468 3256 idem
523 3210 698 3256 tamen
754 3217 784 3254 a
840 3199 1084 3270 Graecis»,
1152 3198 1246 3253 sed
1305 3198 1380 3253 eis
1437 3198 1628 3252 aetatis
1685 3214 1869 3269 serae⁷
1925 3199 2121 3253 dicitur
2178 3198 2290 3254 fere
2347 3197 2611 3255 Λουκίλ-

327 3285 470 3353 λιος.
555 3293 610 3341 et
641 3285 769 3340 ‘fuit
823 3291 982 3357 poeta
1048 3282 1278 3338 nominis
1335 3282 1494 3337 huius
1551 3281 1815 3348 GraecuS,
1883 3284 2039 3337 cuius
2096 3281 2256 3337 habes
2312 3283 2366 3338 in
2421 3285 2614 3341 antho-

327 3370 472 3442 logia
526 3370 773 3425 carmina.
864 3367 968 3423 suit
1011 3374 1067 3422 et
1111 3366 1329 3422 Latinus
1375 3375 1564 3422 auctor
1609 3364 1844 3421 Lucilius
1889 3367 2097 3435 iunior,
2159 3365 2393 3422 Senecae
2437 3369 2614 3441 philo-

329 3455 503 3528 sopho
567 3453 804 3527 aequalis
869 3451 1120 3524 idemque
1185 3452 1412 3520 amicus,
1490 3453 1577 3506 cui
1643 3450 1889 3524 plerique
1956 3453 2175 3505 Aetnam
2243 3466 2454 3506 carmen
2506 3453 2613 3509 ad-

328 3539 610 3611 scripsere.
656 3569 739 3578 —
783 3547 1022 3593 ceterum
1068 3552 1263 3591 nomen
1308 3535 1474 3591 Lucili
1520 3535 1836 3608 frequenter
1879 3537 1933 3589 iu
1977 3533 2127 3589 libris
2172 3536 2388 3607 scriptis
2433 3554 2611 3610 gram-

259 3645 278 3660 ·
330 3623 644 3679 maticorum
701 3639 801 3695 per
855 3620 1309 3676 abbreviationem
1365 3627 1613 3675 exaratur
1649 3619 1818 3674 ·Lucil
1876 3619 1958 3674 vel
2016 3618 2177 3688 Lucl⁷
2238 3618 2494 3676 transfixo
2551 3631 2613 3677 ut

330 3707 616 3781 plurimum
658 3710 679 3763 l
723 3706 923 3762 lineola
969 3722 1147 3760 curva.
1208 3736 1282 3743 -—
1346 3705 1486 3759 idem
1533 3711 1639 3758 tam
1691 3721 1853 3777 saepe
1903 3704 2174 3758 inversum
2223 3703 2408 3761 fraude
2451 3706 2614 3763 libra-

330 3793 560 3863 riorum,
616 3792 703 3847 vix
748 3790 1028 3858 Laeviiut
1073 3789 1262 3862 magis
1355 3796 1408 3845 et
1455 3789 1694 3844 omnium
1741 3787 1956 3860 quidem
2012 3786 2454 3861 frequentissime
2497 3791 2610 3848 Lu-

332 3879 458 3932 cius
497 3876 698 3952 legitur
742 3892 842 3949 pro
887 3874 1125 3935 Lucilio,
1171 3874 1331 3928 sicuti
1376 3890 1406 3928 e
1451 3874 1724 3929 contrario
1768 3889 1817 3927 e.
1864 3890 1920 3946 g.
1969 3872 2226 3929 Lucilius
2272 3873 2466 3931 Nerva
2512 3893 2612 3949 pro

330 3961 504 4018 Lucio
548 3962 743 4017 Nerva
790 3977 873 4032 ap.
921 3959 1122 4031 Porph.
1181 3957 1245 4012 ad
1305 3958 1432 4013 llor.
1495 3958 1605 4012 Sat.
1654 3956 1691 4025 1,
1740 3957 1802 4027 5,
1849 3956 1960 4024 273
2016 3974 2102 4030 ap.
2149 3956 2289 4014 Non.
2339 3957 2492 4031 258,
2541 3960 2653 4033 63⁴

332 4045 475 4117 351,
519 4045 596 4101 22
643 4046 901 4102 Lucilius
942 4044 1258 4112 Memmius,
1304 4044 1559 4098 Lucilius
1605 4042 1884 4104 Catilina,-
1931 4041 1999 4098 ib.
2035 4039 2175 4111 334,
2213 4040 2291 4097 25
2339 4043 2392 4097 in
2438 4044 2613 4099 verbis

329 4129 583 4186 Varronis
623 4130 812 4186 Lucili
853 4129 1046 4199 Scipio
1093 4143 1192 4200 pro
1230 4126 1422 4182 Lieciu'
1458 4127 1551 4181 Sc.
1605 4156 1673 4164 ——
1727 4135 2003 4199 praeterea
2046 4125 2269 4181 confusa
2301 4143 2419 4181 cum
2452 4128 2612 4184 huius

328 4216 543 4270 nomina
587 4231 723 4287 quae
766 4219 897 4269 sunt
938 4213 1258 4281 Lucretius,
1306 4211 1580 4280 LucilluS,
1627 4212 1907 4267 Lucullus
1920 4250 1939 4282 ‚
1985 4210 2286 4279 Lucanus,
2335 4210 2607 4282 Licinz'uS,

334 4298 647 4370 Caecilius,
701 4298 835 4368 alia3
893 4312 1124 4371 quorum
1179 4296 1375 4369 passim
1435 4312 1682 4351 errorum
1741 4295 1981 4368 exempla
2026 4295 2079 4349 in
2125 4301 2381 4367 apparatu
2424 4299 2611 4354 critico

328 4385 586 4441 invenies.
889 4445 892 4450 ⁴

446 4479 489 4521 0.
515 4480 663 4521 Lucili
689 4483 831 4521 satur.
857 4479 936 4520 rel.
2124 4479 2187 4528 13
