3267 5075
771 392 1303 460 QUAESTIONUM
1341 394 1906 455 LUCILIANARUM
1941 400 2177 455 LIBER.
2476 410 2627 469 XIII

1285 619 1549 680 CAPUT
1594 621 1673 682 II.

625 753 832 810 Lucilii
869 754 1072 818 saturis
1107 757 1382 825 quatenus
1420 757 1479 811 et
1513 746 1799 825 quomodo
1833 757 1921 812 usi
1956 758 2070 814 sint
2103 761 2338 815 veteres.

505 907 595 968 De
621 907 913 966 librorum
932 926 1081 983 quos
1108 926 1229 968 non
1254 907 1398 966 tulit
1424 908 1692 985 integros
1713 910 1879 968 aetas
1899 910 2164 986 reliquiis
2192 913 2353 970 recte
2381 914 2452 970 ut
2476 911 2626 970 iudi-

294 1033 301 1038 ·
331 1018 513 1087 cetur,
559 1014 819 1089 primum
866 1015 1131 1074 omni'u'm
1174 1014 1324 1073 illud
1371 1003 1607 1090 oportet
1654 1017 1875 1092 quaeri,
1925 1017 1979 1075 ei
2026 1018 2129 1092 qui
2169 1020 2423 1076 utuntur
2463 1018 2625 1078 hisce

328 1123 533 1180 utrum
559 1121 692 1196 ipSa
720 1121 943 1198 scripta
961 1125 1271 1181 auctorum
1298 1122 1683 1182 adhibuerint
1707 1142 1785 1182 an
1813 1143 1884 1183 ex
1913 1124 2104 1184 alieno
2133 1124 2299 1185 fonte
2325 1144 2627 1201 prompse-

328 1227 451 1287 rint
479 1246 603 1286 sua.
650 1230 963 1304 praeterea
986 1229 1050 1286 in
1069 1227 1299 1290 Lucilio
1328 1248 1508 1306 quam
1537 1230 1981 1290 accuratissime
2011 1232 2354 1291 secernendi
2383 1231 2622 1307 scripto·

329 1354 425 1414 res
451 1334 558 1408 illi,
589 1353 731 1395 sane
759 1354 939 1410 quam
974 1335 1333 1411 paucissimi,
1371 1337 1474 1413 qui
1509 1338 1694 1397 libros
1722 1335 1780 1394 V
1806 1337 2050 1397 ultimos
2089 1341 2430 1397 saturarum
2462 1337 2625 1397 adhi-

330 1442 532 1503 buisse
559 1445 904 1502 noscuntur.
954 1445 1049 1503 tot
1076 1443 1234 1514 enim
1262 1447 1404 1503 sunt
1431 1463 1498 1503 ac
1525 1446 1730 1504 tantae
1758 1445 2234 1520 fragmentorum
2261 1444 2479 1529 Lucilii
2505 1465 2628 1505 cor-

330 1550 626 1624 ruptelae,
670 1549 748 1607 ad
787 1550 1082 1610 tollendas
1127 1570 1227 1614 eas
1269 1554 1340 1609 ut
1379 1551 1623 1627 plurimi
1664 1552 1904 1610 intersit
1939 1551 2124 1626 probe
2160 1554 2223 1610 te
2260 1552 2434 1624 scire,
2473 1570 2625 1627 quae

333 1656 550 1716 omisso
577 1656 717 1714 libri
752 1675 1001 1717 numero
1030 1650 1175 1737 (quo
1205 1657 1522 1734 aliquando
1551 1658 1927 1735 grammatici
1966 1660 2027 1716 et
2054 1658 2289 1733 saepius
2318 1658 2510 1717 multo
2538 1676 2628 1716 re-

329 1761 476 1838 liqui
503 1764 778 1822 auctores
809 1766 1014 1823 carent
1046 1765 1111 1823 in
1138 1765 1388 1825 citandis
1416 1756 1718 1844 versibus)
1757 1763 2091 1823 afferuntur
2116 1765 2402 1840 pleraque
2429 1765 2628 1823 omnia

333 1887 461 1929 esse
488 1869 802 1947 dactylica.
871 1872 1030 1947 quod
1072 1871 1124 1930 si
1166 1873 1312 1932 satis
1349 1873 1769 1948 respexissent,
1813 1890 2119 1947 nunquam
2160 1874 2267 1930 aut
2306 1870 2623 1943 BeckeruS,

332 1976 488 2053 quod
505 1980 802 2036 memorat
819 1976 1276 2055 Pseudoprobus
1300 1980 1374 2040 de
1393 1980 1629 2039 nomine
1649 1978 1997 2038 Lucretium
2025 1978 2243 2039 dixisse
2264 1977 2625 2050 anciliorum,

332 2083 640 2142 retulisset
675 2083 752 2143 ad
779 2082 1077 2144 Lucilium
1113 2088 1221 2145 aut
1245 2086 1649 2145 Buechelerus
1686 2087 2101 2145 hexametrum
2137 2103 2174 2144 a
2211 2084 2420 2161 Sergio
2447 2084 2630 2143 tradi-

332 2193 460 2250 tum
486 2189 868 2251 Lucilianum
894 2196 1301 2269 permutasset
1326 2194 1436 2252 hoc
1464 2193 1737 2253 trimetro
1753 2212 1977 2269 ‹parum
2005 2192 2246 2269 quidem
2275 2192 2565 2269 eleganti:

767 2333 1025 2412 Hymnis
1055 2335 1348 2396 cantando
1375 2353 1557 2412 quam
1583 2335 1662 2396 ad
1690 2353 1754 2395 se
1782 2335 2061 2396 serviisse
2088 2335 2189 2395 ait.

507 2475 631 2537 Sed
666 2494 780 2555 age
816 2475 938 2537 iam
973 2476 1208 2538 omissis
1245 2477 1604 2555 quibusdam
1640 2477 1887 2538 minoris
1923 2476 2211 2538 momenti
2247 2478 2443 2552 rebus,
2481 2496 2628 2554 quas

335 2603 408 2645 ne
431 2584 689 2644 nimium
722 2585 935 2662 capitis
974 2585 1152 2646 hu‘ius
1179 2585 1368 2644 moles
1404 2585 1700 2645 increscat
1734 2586 1985 2646 subinde
2021 2586 2085 2643 in
2120 2585 2466 2645 commentis
2503 2588 2632 2644 tan-

337 2710 562 2769 gemus,
591 2692 905 2752 historiam
923 2692 1139 2752 Lucilii
1164 2693 1457 2752 librorum
1485 2712 1521 2752 a
1548 2693 1741 2769 prima
1766 2693 1904 2751 inde
1933 2692 2162 2769 origine
2185 2711 2630 2768 persequamur.

343 2829 414 2842 ·-
455 2800 563 2876 qui
599 2817 736 2859 cum
769 2800 893 2873 iam
915 2800 1105 2874 ipsius
1143 2818 1290 2860 aevo
1317 2800 1605 2875 plurimos
1633 2799 2005 2859 invenissent
2040 2798 2134 2859 sui
2162 2800 2476 2874 studiosOS,
2509 2819 2633 2887 ,non

338 2908 598 2967 multum
622 2910 763 2985 post
782 2908 1185 2966 eiusmortem
1213 2925 1251 2965 a
1277 2906 1684 2983 grammaticis
1711 2907 1960 2966 tractari
1988 2906 2182 2982 coepti
2210 2907 2366 2965 sunt.
2414 2906 2487 2963 de
2515 2925 2635 2981 qua

338 3032 401 3072 re
435 3017 609 3076 extat
636 3013 876 3091 insigne
913 3013 1182 3073 Suetonii
1218 3014 1628 3074 testimonium
1668 3011 1792 3091 [pg.
1827 3016 1951 3074 1-88
1979 3013 2119 3072 libri
2146 3009 2371 3088 huius].
2435 3032 2508 3071 ex
2539 3011 2634 3071 his

341 3124 555 3196 autem,
605 3139 758 3198 quae
784 3122 978 3181 libera
1012 3121 1328 3179 etiamtum
1364 3121 1534 3181 fuere
1570 3142 1617 3181 r.
1647 3142 1702 3198 p.
1731 3122 2014 3195 Romana,
2060 3120 2274 3180 studiis
2310 3119 2636 3178 Lucilianis

340 3228 480 3305 quin
512 3248 627 3306 per
654 3228 971 3301 VarroneS,
1009 3227 1300 3304 Nigidios,
1337 3226 1581 3289 Verrios
1618 3229 1781 3288 haud
1815 3228 1904 3288 ita
1939 3246 2130 3305 pauca
2154 3226 2547 3286 redundarint
2572 3227 2634 3285 in

341 3332 684 3412 posterioris
712 3336 847 3396 aevi
871 3337 1055 3396 libros
1083 3336 1503 3413 grammaticos
1530 3354 1705 3395 nemo
1733 3335 1958 3412 poterit
1984 3335 2277 3394 dubitare.

512 3443 716 3521 Igitur
753 3444 932 3519 primi
974 3462 1045 3502 ex
1088 3444 1172 3502 eis
1215 3462 1363 3520 quos
1403 3443 1549 3502 tulit
1593 3445 1760 3502 aetas
1808 3441 2197 3529 scriptoribus
2243 3444 2315 3500 ut
2359 3441 2635 3502 omittam

345 3553 645 3612 auctorem
685 3550 1019 3611 rhetoricae
1053 3549 1131 3610 ad
1170 3550 1540 3609 Herennium
1581 3548 1831 3609 Cicero
1875 3553 1936 3608 et
1968 3547 2196 3608 Varro
2240 3551 2302 3608 et
2335 3548 2635 3607 Verrius

345 3658 436 3717 usi
473 3661 622 3718 sunt
663 3656 839 3718 huius
880 3657 1051 3717 libris
1092 3657 1428 3734 promiscue
1469 3657 1761 3731 omnibus,
1805 3656 1909 3733 qui
1949 3656 2094 3733 quin
2130 3674 2204 3714 ex
2237 3656 2383 3733 ipsis
2421 3654 2638 3714 Lucilii

350 3765 579 3843 scriptis
610 3785 720 3825 sua
745 3764 1031 3842 petierint
1055 3784 1230 3826 nemo
1256 3764 1602 3825 intercedet.
1660 3764 1737 3823 ab
1762 3763 1857 3823 his
1885 3766 2216 3823 memorata
2242 3782 2421 3840 quam
2459 3781 2634 3838 saepe

347 3868 408 3929 in
432 3890 568 3933 suos
590 3891 734 3932 usus
754 3873 1047 3933 verterint
1063 3872 1462 3950 posteriorum
1481 3874 1821 3948 temporum
1840 3874 2112 3932 auctores
2129 3871 2289 3930 infra
2307 3870 2635 3947 apparebit.

518 3980 787 4058 Augusti
819 3980 1169 4057 principatu·
1189 3979 1507 4056 incipiente
1543 3981 1770 4056 quanta
1805 3980 1982 4039 etiam
2025 3979 2297 4037 floruerit
2329 3978 2493 4036 fama
2518 3976 2637 4034 Lu-

352 4087 513 4148 cilius
540 4087 885 4164 plenissime
925 4089 1343 4164 comprobatur
1368 4086 1728 4147 testimoniis
1765 4085 2068 4160 Horatii.
2121 4084 2218 4144 hic
2244 4084 2386 4161 ipse,
2416 4084 2520 4160 qui
2548 4095 2656 4143 sa-‘

352 4196 544 4254 turam
579 4200 719 4272 post
743 4194 1042 4255 Lucilium
1078 4195 1183 4254 diu
1216 4194 1508 4254 iacentem
1542 4193 1947 4266 resuscitavit,
1993 4192 2138 4268 quin
2173 4209 2376 4251 omnes
2420 4169 2640 4266 legerit

354 4298 476 4359 eius
503 4300 689 4362 libros
725 4321 845 4364 non
882 4304 977 4361 est
1010 4301 1275 4362 dubium.
1330 4318 1471 4361 nam
1506 4303 1578 4361 ut
1613 4318 1791 4377 saepe
1827 4299 2094 4377 priorum
2126 4295 2295 4385 XXV
2329 4297 2635 4371 librorum,

352 4404 438 4468 ita
453 4407 702 4490 singulis
720 4409 866 4475 locis
887 4411 950 4472 et
965 4408 1251 4473 tricesimi
1279 4411 1342 4472 et
1359 4407 1506 4471 adeo
1533 4394 1800 4471 vicesimi
1828 4406 2068 4488 septimi
2087 4406 2246 4488 apud
2266 4423 2404 4467 eum
2421 4403 2494 4466 fit
2509 4403 2638 4469 imi
