3267 5075
665 293 792 360 184
1327 289 1782 346 TESTIMONIA
1820 289 1917 344 DE
1955 254 2267 344 memo.

661 457 1077 543 praecedente
1123 455 1626 541 improbasse,
1688 453 1797 519 sed
1845 453 1979 518 ead.
2025 477 2108 518 m.
2154 454 2224 518 in
2269 474 2432 539 mrg.
2477 451 2928 518 humilitatis

664 573 1039 656 BernensiS,
1120 571 1651 656 improbitatis
1724 573 1824 636 vel
1905 569 2419 654 inprobitatis
2501 568 2733 653 reliqui
2800 567 2931 631 libri

668 709 871 773 paene
918 685 1188 772 omnes),
1240 687 1410 772 quod
1457 687 1665 752 sentio
1713 691 1776 752 et
1820 686 1959 770 ipse
2006 685 2287 750 carmine
2334 685 2659 769 effingam.

1597 801 1781 867 XXV
1828 802 2012 884 [177]

932 918 1209 984 Martial.
1254 917 1398 1003 XII,
1443 919 1549 1002 94,
1596 919 1662 982 7:
1785 978 1807 994 ,

846 1035 1153 1100 audemus
1202 1038 1470 1099 saturas,
1559 1032 1842 1097 Lucilius
1889 1055 2027 1097 esse
2074 1033 2349 1098 laboras.

1591 1146 1808 1211 XXVI
1854 1150 1917 1229 [1
1929 1149 1964 1212 7
1971 1149 2039 1228 6]

853 1264 1117 1341 Quintil.
1161 1263 1239 1348 X,
1280 1266 1335 1348 1,
1372 1265 1486 1328 93:
1535 1266 1755 1327 satura
1801 1263 2057 1347 quidem
2101 1267 2242 1328 tota
2285 1266 2512 1328 nostra
2558 1267 2672 1347 est,
2716 1263 2783 1326 in
2828 1282 2940 1345 qua

667 1381 918 1465 primus
972 1380 1292 1465 insignem
1346 1380 1600 1443 laudem
1655 1379 1924 1462 adeptus
1977 1378 2259 1444 Lucilius
2325 1381 2639 1464 quosdam
2700 1380 2792 1442 ita
2850 1377 2939 1440 de-

677 1496 845 1560 ditos
893 1496 1014 1560 sibi
1059 1495 1266 1559 adhuc
1310 1494 1507 1559 habet
1551 1498 1871 1558 amatores
1880 1545 1898 1578 ,
1952 1499 2026 1559 ut
2070 1517 2217 1559 eum
2260 1517 2394 1559 non
2441 1495 2723 1560 eiusdem
2768 1493 2940 1558 modo

622 1680 636 1699 Ι
680 1611 889 1695 operis
937 1611 1321 1695 auctoribus,
1370 1611 1479 1675 sed
1518 1610 1816 1675 omnibus
1861 1610 2070 1694 poetis
2106 1611 2427 1694 praeferre
2471 1633 2606 1676 non
2652 1609 2942 1674 dubitent.

681 1746 801 1812 ego
849 1730 1161 1811 quantum
1204 1727 1288 1790 ab
1335 1726 1489 1809 illis,
1541 1729 1798 1791 tantum
1846 1726 1927 1789 ab
1973 1724 2247 1789 Horatio
2295 1726 2633 1808 dissentio,
2687 1725 2793 1810 qui
2834 1723 2941 1786 Lu-

682 1841 897 1905 cilium
950 1842 1145 1905 fluere
1198 1842 1586 1905 lutulentum
1641 1843 1706 1904 et
1761 1863 1898 1905 esse
1954 1840 2196 1925 aliquid
2252 1840 2422 1925 quod
2476 1842 2701 1906 tollere
2753 1837 2943 1923 possis

682 1958 886 2040 putat.
973 1978 1129 2020 nam
1175 1956 1445 2039 eruditio
1491 1956 1560 2019 in
1606 1978 1682 2020 eo
1729 1956 1893 2020 mira
1938 1959 2003 2020 et
2047 1956 2311 2020 libertas
2368 1960 2561 2043 atque
2606 1946 2751 2020 inde
2793 1974 2944 2018 acer-

685 2071 855 2135 bitas
901 2075 967 2136 et
1012 2071 1263 2136 abunde
1311 2071 1479 2135 salis,
1552 2073 1827 2136 multum
1872 2094 1948 2136 eo
1986 2075 2085 2136 est
2119 2073 2352 2136 tersior
2398 2094 2472 2137 ac
2518 2094 2714 2156 purus
2758 2067 2946 2153 magis

688 2186 996 2251 Horatius
1043 2191 1108 2252 et
1152 2186 1309 2273 (nisi
1352 2188 1537 2252 labor
1583 2188 1721 2279 eius
1768 2186 2012 2273 amore)
2057 2187 2456 2272 praecipuus

1588 2301 1839 2368 XXVII
1883 2305 2066 2385 [176]

868 2415 1131 2492 Quintil.
1183 2418 1385 2482 instit.
1441 2440 1529 2483 or.
1575 2416 1608 2481 I
1616 2469 1634 2502 ,
1681 2420 1750 2502 8,
1801 2419 1909 2483 10:
1975 2418 2247 2503 denique
2311 2420 2643 2483 credamus
2705 2415 2951 2482 summis

691 2532 1053 2599 oratoribus
1061 2584 1080 2618 ,
1136 2532 1244 2618 qui
1298 2537 1585 2598 veterum
1629 2538 1932 2618 poemata
1984 2534 2086 2599 vel
2131 2536 2214 2599 ad
2257 2536 2448 2599 fidem
2495 2557 2825 2600 causarum
2866 2531 2950 2596 vel

694 2649 774 2713 ad
822 2653 1270 2714 ornamentum
1324 2650 1726 2734 eloquentiae
1787 2651 2148 2714 adsumunt.
2238 2672 2391 2714 nam
2445 2652 2776 2735 praecipue
2832 2646 2950 2733 qui·

694 2765 839 2828 dem
885 2765 1055 2848 apud
1101 2763 1497 2848 Ciceronem,
1549 2765 1916 2852 frequenter
1959 2769 2177 2830 tamen
2222 2767 2393 2851 apud
2438 2766 2734 2832 Asinium
2777 2765 2952 2828 etiam

696 2883 761 2944 et
825 2883 1094 2964 ceteros,
1150 2879 1258 2964 qui
1324 2883 1477 2944 sunt
1530 2881 1833 2978 proximi,
1886 2881 2176 2947 videmus
2229 2880 2431 2966 Enni,
2486 2882 2669 2966 Acci,
2723 2876 2952 2959 Pacuvi,

696 2994 929 3078 Lucili,
983 2994 1268 3078 Terenti,
1317 2994 1553 3060 Caecili
1599 2999 1666 3060 et
1711 2996 1982 3061 aliorum
2027 2997 2223 3061 inseri
2267 3018 2508 3081 verSUS‚
2554 3018 2797 3062 summa
2838 3013 2953 3058 non

697 3109 1074 3175 eruditionis
1120 3110 1310 3175 modo
1356 3111 1591 3196 gratia,
1639 3113 1750 3176 sed
1795 3113 1990 3177 etiam
2036 3111 2467 3178 iucunditatis,

1355 3306 1362 3313 ἡ
1583 3226 1866 3291 XXVIII
1912 3225 2020 3315 [17
2029 3230 2094 3309 7]

878 3342 1024 3407 Tac.
1071 3342 1217 3407 dial.
1265 3342 1341 3405 de
1389 3345 1545 3407 orat.
1589 3343 1703 3407 23:
1750 3343 2072 3409 neminem
2118 3344 2486 3428 nominabO,
2532 3365 2735 3432 genus
2775 3340 2954 3407 homi·

701 3480 857 3521 num
905 3457 1297 3542 significasse
1344 3460 1713 3522 contentus:
1775 3460 1886 3523 sed
1940 3460 2122 3525 vobis
2177 3461 2398 3544 utique
2453 3463 2787 3524 versantur
2828 3460 2956 3521 ante

704 3573 920 3636 oculos
965 3572 1093 3656 isti,
1139 3573 1248 3657 qui
1292 3572 1609 3636 Lucilium
1654 3595 1772 3656 pro
1818 3573 2090 3638 Horatio
2138 3578 2204 3639 et
2253 3574 2621 3639 Lucretium
2667 3596 2779 3660 pro
2822 3571 2957 3636 Ver·

704 3686 859 3771 gilio
903 3687 1143 3772 legunt.
1605 3673 1609 3677 ¹

1508 3861 1522 3866 -
1623 3802 1839 3867 XXIX
1884 3806 2068 3886 [178]

886 3916 1045 3982 Gell.
1082 3940 1145 3981 n.
1181 3919 1317 3982 Att.
1353 3918 1467 4002 VI,
1508 3920 1617 3984 14:
1667 3922 1733 3983 et
1775 3919 1845 3983 in
1891 3921 2171 4001 carmine
2218 3925 2284 3986 et
2327 3922 2396 3985 in
2443 3924 2658 3988 soluta
2703 3921 2962 3988 oratione

709 4054 946 4119 genera
992 4033 1241 4124 dicendi
1285 4035 1646 4118 probabilia
1692 4038 1844 4099 sunt
1886 4035 2038 4120 tria,
2094 4059 2256 4121 quae
2303 4035 2530 4101 Graeci
2586 4037 2965 4122 χαρακτῆρας

710 4153 968 4233 vocant3
1022 4150 1412 4234 nominaque
1468 4149 1559 4214 eis
1605 4150 1897 4214 fecerunt
1939 4145 2184 4235 ἁδρὸν,
2231 4146 2498 4236 ἰσχνὸν,
2557 4150 2783 4235 μέσον.
2866 4169 2966 4213 nos

712 4287 963 4350 quoque
1011 4288 1200 4350 quem
1251 4265 1535 4350 primum
1576 4265 1910 4349 posuimus
1932 4352 1938 4359 .
1957 4267 2216 4330 uberem
2262 4289 2563 4338 vocamus
2573 4318 2592 4353 ,
2649 4266 2968 4336 secundum
