3267 5075
1358 369 1577 424 LIBER
1620 373 1690 427 Π.
2631 366 2671 430 9

1361 531 1488 597 XII
1535 536 1676 616 [18]

410 649 508 715 20
551 677 936 719 -.Ν-,ως
978 648 1087 713 vix
1131 648 1278 714 vivo
1323 648 1571 715 homini
1618 672 1693 716 ac
1737 670 2248 736 monogrammO.

1370 807 1530 873 ΧΠ]
1577 811 1673 892 [9]

558 925 614 990 si
658 924 918 989 natibus
965 924 1277 990 natricem
1323 926 1627 1010 inpressit
1673 948 1954 991 crassam
2002 928 2071 990 et
2112 925 2479 1029 capitatam.

1370 1084 1526 1150 XIV
1574 1088 1672 1168 [6]
1733 1089 1745 1109 ⁸

558 1246 656 1267 ...υ
676 1246 714 1265 c
732 1254 770 1265 -
835 1221 1070 1286 quaeso
1117 1222 1289 1266 nunc
1334 1199 1683 1268 Aemilium
1731 1204 1922 1289 atque
1967 1200 2286 1287 precando

554 1319 742 1404 exigo
789 1320 854 1382 et
897 1320 1166 1383 excanto
1212 1365 1742 1388 „„„„„„„„„„

1372 1456 1494 1522 XV
1542 1460 1683 1541 [17]
1789 1441 1802 1448 ’

553 1624 876 1647 νννννν
920 1576 990 1640 in
1034 1575 1299 1661 bulgam
1344 1577 1681 1659 penetrare
1726 1576 2019 1660 pilosam.

1108 1819 1116 1832 ἱ
1351 1724 1509 1791 XVI
1556 1728 1697 1808 [14]

410 1840 511 1906 25
558 1841 712 1926 quid
757 1840 959 1907 dicis?
1008 1864 1121 1907 cur
1166 1844 1266 1906 est
1309 1841 1570 1927 factum,
1615 1843 1787 1930 quod
1833 1843 2025 1909 coicis
2071 1842 2281 1908 istuc?

1335 1992 1525 2059 XVII
1572 1996 1713 2077 [13]

556 2108 871 2196 chirodyti
916 2110 1151 2196 aurati,
1197 2110 1392 2193 ricae,
1437 2110 1752 2195 thoracia,
1799 2112 2044 2177 mitrae.

1235 2259 1458 2325 XVIII
1504 2260 1642 2346 [XI,
1692 2263 1800 2344 12]

556 2399 689 2443 non
715 2378 975 2443 laudare
1003 2377 1331 2443 hominem
1360 2399 1747 2465 quemquam
1773 2400 1980 2465 neque
2009 2402 2119 2444 mu
2145 2379 2353 2446 facere
2372 2381 2443 2445 in
2469 2402 2677 2467 quem.

361 2628 682 2680 Lucilius
709 2634 1016 2692 satyrarum
1041 2628 1135 2679 lib.
1153 2628 1211 2678 11
1245 2633 1453 2693 pestem
1481 2643 1526 2679 e.
1550 2645 1600 2695 q.
1627 2646 1671 2681 s.
1759 2629 1867 2681 XII
1903 2629 2043 2679 Non.
2062 2632 2144 2691 37,
2166 2631 2226 2680 11
2247 2631 2676 2696 mongrammi

367 2696 827 2762 (onogrammi
885 2696 952 2758 G)
1015 2696 1151 2747 dicti
1202 2701 1331 2748 sunt
1382 2696 1624 2747 homines
1677 2698 1849 2747 macie
1908 2703 2193 2763 pertenues
2250 2713 2315 2748 ac
2370 2697 2681 2758 decolores3

367 2768 614 2815 tractum
647 2780 682 2814 a
715 2765 948 2829 pictura,
988 2779 1126 2830 quae
1166 2765 1319 2828 prius
1355 2780 1513 2829 quam
1548 2765 1824 2816 coloribus
1856 2769 2173 2830 corporatur
2208 2765 2397 2816 umbra
2431 2765 2683 2829 fingitur.

366 2831 685 2884 Lucilius
718 2832 810 2885 lib.
834 2831 909 2883 11.
1012 2831 1150 2883 XIII
1194 2833 1332 2882 Non.
1357 2835 1439 2895 65,
1464 2834 1530 2884 27
1567 2834 1860 2885 natrices
1893 2833 2148 2883 dicuntur
2168 2847 2373 2898 angues
2398 2838 2678 2885 natantes.

365 2901 571 2952 Cicero
594 2927 652 2935 —
678 2899 982 2950 Lucilius
1010 2905 1314 2963 satyrarum
1339 2899 1432 2951 lib.
1453 2900 1527 2950 II.
1606 2900 1739 2951 XIV
1771 2901 1911 2951 Non.
1933 2902 2048 2963 102,
2069 2904 2099 2952 7
2126 2906 2482 2951 excantare
2508 2901 2680 2966 signi-

366 2967 507 3019 ficat
531 2968 828 3019 extundere
854 2967 994 3027 (cdd.
1021 2964 1434 3034 excludere).
1480 2967 1714 3019 Plautus
1737 2996 1795 3004 —
1820 2968 2126 3019 Lucilius
2152 2974 2460 3031 satyrarum
2482 2968 2575 3019 lib.
2604 2969 2673 3020 11.

464 3034 566 3084 XV
606 3036 818 3087 Nonius
846 3038 960 3097 187,
988 3037 1050 3087 18
1086 3036 1286 3100 vulga
1311 3036 1596 3102 capacitas
1618 3035 1706 3087 vel
1732 3036 1886 3087 sinus
1911 3051 2031 3087 cum
2065 3036 2313 3088 laxitate.
2370 3037 2675 3087 Lucilius

367 3103 467 3160 lib.
496 3103 568 3154 11.
674 3103 803 3154 XVI
838 3105 977 3153 Non.
1002 3105 1119 3165 268,
1144 3107 1176 3154 2
1214 3105 1473 3154 coicere
1508 3102 1680 3154 furari
1703 3104 1927 3157 auferre.
1984 3104 2246 3155 Afranius
2271 3131 2337 3140 —
2362 3103 2675 3155 Lucilius

367 3171 509 3230 (Lct
531 3168 601 3236 B)
636 3170 730 3222 lib.
757 3172 831 3222 11.
942 3171 1102 3223 XVII
1143 3174 1282 3222 Non.
1313 3174 1430 3234 539,
1464 3175 1524 3223 17
1563 3172 1706 3221 rica
1729 3176 1813 3224 est
1841 3171 1985 3238 quod
2007 3188 2110 3223 nos
2135 3171 2411 3223 sudarium
2433 3171 2676 3223 dicimus.

367 3238 614 3291 Plautus
633 3265 697 3275 —-
718 3238 952 3291 Serenus
970 3265 1037 3275 -
1058 3239 1267 3290 Novius
1286 3265 1351 3275 -
1371 3239 1559 3290 Lucil
1574 3240 1676 3289 ius
1703 3244 2012 3306 satyrarum
2034 3239 2127 3290 lib.
2145 3240 2219 3291 11.
2290 3239 2476 3289 XVIII
2512 3238 2674 3294 Char.

369 3310 476 3360 213
499 3323 602 3358 mu
624 3306 849 3359 facere
884 3322 984 3373 pro
1007 3309 1232 3359 muttire
1261 3306 1567 3358 Lucilius
1603 3311 1911 3359 saturarum
1934 3307 2075 3359 libro
2101 3308 2156 3358 11
2183 3307 2283 3370 (ita
2306 3322 2420 3357 exc.
2447 3306 2673 3370 Cauch„

548 3557 633 3618 20
675 3560 799 3615 vino
847 3558 914 3616 G.
974 3587 1060 3599 —-
1113 3574 1469 3633 monogrsmo
1515 3559 1563 3615 L
1596 3559 1652 3614 1.
1873 3557 1951 3615 22
1998 3573 2198 3632 quaeso
2257 3560 2375 3616 sive
2430 3571 2679 3631 quaeque

371 3660 517 3718 rogo
562 3644 655 3714 M,
715 3660 852 3718 quae
896 3660 1003 3718 ego
1049 3645 1177 3700 cdd.
1226 3673 1303 3683 —-
1351 3644 1633 3700 Aemilium
1679 3644 1769 3714 M,
1830 3642 2060 3699 Aemilio
2115 3642 2364 3715 scripti.
2390 3673 2467 3681 -
2514 3649 2680 3716 atque

377 3727 651 3802 precando
697 3729 785 3799 M,
844 3736 1136 3802 praecauto
1181 3736 1346 3803 atque
1391 3747 1438 3785 v.
1600 3727 1681 3784 24
1725 3728 1944 3803 vulgam
1990 3730 2118 3784 cdd.
2293 3726 2372 3784 25
2413 3727 2677 3800 fortasse

375 3814 546 3870 dices.
593 3843 678 3855 ——
722 3829 821 3869 cur
864 3821 949 3870 est
996 3813 1229 3871 sactum?
1277 3830 1386 3888 quo
1417 3814 1582 3869 coicis
1612 3813 1796 3870 istud?
1872 3812 2028 3870 Scal.
2162 3811 2240 3869 26
2286 3811 2559 3886 chirodyti
2594 3811 2674 3881 M,

374 3897 597 3954 hrodeti
640 3899 876 3968 Bamb.,
924 3898 1066 3967 1:23
1120 3898 1357 3972 hrodyty
1398 3898 1445 3953 L
1480 3899 1548 3967 13
1595 3898 1840 3973 hyodyty
1877 3901 2073 3970 potius
2116 3915 2287 3971 quam
2332 3895 2570 3970 hrodyty
2611 3896 2676 3952 G.

372 4013 453 4024 --
505 3983 647 4039 ricae
686 3983 922 4047 Carrio,·
967 3983 1205 4039 thorat-,ia
1234 3983 1513 4046 Rothius,·
1556 3984 1670 4039 cicc
1712 3990 1769 4039 et
1814 3984 1990 4040 oracia
2036 3983 2183 4053 cdd„
2233 3988 2482 4053 excepto
2528 3981 2687 4054 quod

371 4072 433 4124 in
480 4068 686 4124 Bamb.
734 4074 820 4124 est
862 4068 1224 4124 ciceetoratia.
1269 4099 1355 4108 —
1398 4083 1544 4123 mare
1575 4068 1801 4138 Bamb.,
1836 4068 1884 4124 L
1915 4066 1972 4123 2.
2023 4097 2096 4108 -
2147 4074 2257 4123 cet.
2302 4069 2360 4121 in
2405 4084 2549 4139 mry.
2587 4065 2677 4121 cd.

374 4153 423 4209 G
466 4154 575 4226 leq.
623 4153 859 4209 auratice
904 4153 1080 4228 mitre.
1299 4151 1377 4209 27
1438 4169 1529 4208 mu
1575 4171 1684 4211 om.
1732 4154 1954 4225 Neap.,
2008 4170 2123 4210 non
2169 4168 2300 4209 exc.
2348 4150 2545 4207 Paris.
2600 4179 2677 4188 —

1 4254 181 4337 Ἢ
369 4291 427 4345 ἰιι
488 4304 649 4361 quem
704 4290 797 4362 M,
842 4291 896 4347 in
943 4306 1265 4367 quemquam
1313 4305 1447 4353 exc.
1495 4289 1707 4360 Paria,
1758 4248 2015 4377 {iil-nquam
2086 4288 2169 4358 N,
2238 4288 2454 4370 inquam
2518 4304 2569 4343 v.
2627 4303 2678 4351 c,

324 4422 333 4427 .
366 4373 632 4431 Dousae.
