3267 5075
610 358 697 421 90
1510 360 1728 414 LIBER
1766 360 1987 414 XXVII.

1413 579 1735 651 LIBER
1797 578 2096 650 XXVH.

1625 717 1658 781 I
1706 719 1800 798 [4]
1833 740 1871 781 a

786 855 853 896 re
900 834 1119 918 populi
1166 835 1437 898 salutem
1483 834 1652 898 fictis
1700 833 1988 904 versibus
2034 832 2342 916 Lucilius,

786 948 1000 1032 quibu'
1047 953 1287 1033 potest,
1342 950 1606 1034 inpertit
1651 952 1984 1033 totumque
2029 949 2153 1013 hoc
2201 948 2484 1012 studiose
2542 952 2606 1012 et
2655 950 2915 1014 sedule.

1668 1064 1733 1128 ΙΙ
1779 1065 1821 1128 b

787 1181 1055 1264 sospita,
1101 1181 1335 1264 inperti
1383 1182 1587 1245 salute
1636 1183 1700 1244 et
1742 1181 2018 1264 plurima
2064 1183 2129 1243 et
2172 1180 2570 1264 plenissima!

1571 1295 1670 1360 III
1718 1298 1855 1377 [18]
1888 1320 1927 1361 a

786 1412 1013 1496 quodsi
1034 1413 1336 1476 observas
1355 1412 1699 1495 hominem,
1720 1413 1829 1495 qui
1848 1434 1963 1495 pro
1985 1412 2319 1476 commodo
2341 1415 2405 1476 et
2422 1433 2623 1496 regno
2647 1412 2918 1476 audeat.

1526 1584 1531 1588 .
1571 1527 1666 1591 IV
1715 1529 1852 1608 [14]
1883 1528 1924 1591 b

651 1709 658 1717 ,
698 1642 740 1706 5
785 1643 1070 1726 proferat
1096 1644 1225 1707 iam
1254 1666 1406 1728 ergo
1437 1644 1591 1708 ordo
1621 1647 1837 1708 voster
1865 1645 2121 1726 scelera,
2150 1665 2312 1727 quae
2341 1644 2408 1707 in
2439 1665 2505 1707 86
2545 1643 2918 1707 admiserit.

1591 1760 1653 1823 V
1702 1761 1839 1840 [32]
1872 1784 1910 1823 a

787 1896 931 1937 cum
979 1874 1177 1938 sciam
1224 1875 1315 1937 nil
1364 1897 1501 1938 6886
1548 1876 1615 1938 in
1662 1876 1797 1939 vita
1840 1875 2169 1958 proprium
2216 1874 2473 1938 mortali
2520 1874 2779 1956 datum,

1572 1990 1668 2055 VI·
1716 1992 1853 2072 [39]
1886 1991 1927 2054 b

786 2106 939 2190 iam,
988 2128 1115 2191 qua
1158 2109 1536 2190 tempestate
1584 2107 1756 2190 vive,
1803 2107 2056 2171 chresin
2103 2106 2183 2170 ad
2230 2129 2333 2169 me
2379 2100 2633 2189 recipio,

1578 2221 1708 2285 VII
1756 2224 1850 2303 [8]
1882 2245 1915 2286 6

784 2338 946 2401 nulli
992 2361 1094 2402 me
1140 2338 1448 2421 invidere,
1495 2360 1627 2401 non
1677 2339 2045 2402 strabonem
2093 2339 2229 2401 fieri
2277 2338 2530 2421 saepius

713 2451 731 2463 “
785 2454 1027 2517 deliciis
1074 2476 1176 2517 me
1223 2454 1492 2517 istorum
1544 2514 1585 2523 ,
1609 2502 1646 2519 υ
1671 2514 1705 2521 ,.
1730 2504 1765 2521 υ
1791 2516 1830 2523 -
1857 2514 1890 2521 -
1916 2516 1955 2522 -
1980 2490 2016 2521 c
2038 2515 2080 2522 -

745 2614 771 2663 Ῑ
822 2614 963 2663 Non.
989 2617 1104 2675 308,
1132 2617 1198 2664 20
1234 2613 1495 2675 fingere
1520 2629 1839 2676 componere
1867 2611 1992 2677 (leg.
2020 2614 2308 2676 comere).
2369 2616 2527 2677 Verg.
2569 2642 2633 2648 —-
2670 2614 2744 2662 M.
2775 2613 2908 2664 Tul·

610 2682 716 2731 lius
748 2710 805 2717 —
832 2683 1143 2732 Lucilius
1180 2681 1274 2730 lib.
1300 2681 1509 2731 XXVII
1543 2681 1697 2729 item
1731 2707 1798 2717 -
1834 2682 2136 2746 inpertit.
2177 2710 2242 2717 —-
2279 2683 2352 2731 id.
2380 2685 2462 2745 37,
2489 2684 2553 2731 28
2592 2682 2908 2732 sedulum

611 2749 883 2814 significat
908 2751 1024 2800 sine
1047 2749 1190 2799 dolo.
1243 2748 1560 2799 Lucilius
1585 2748 1677 2798 lib.
1705 2749 1914 2799 XXVII
1941 2750 2233 2801 salutem
2258 2768 2305 2800 e.
2334 2766 2382 2814 q.
2410 2766 2451 2799 s.
2479 2776 2544 2784 —-
2570 2750 2708 2798 idem
2734 2751 2808 2799 ib.
2835 2753 2903 2798 21

610 2820 1064 2882 inpertire-est
1100 2818 1426 2882 participare
1463 2823 1518 2865 et
1554 2823 1766 2880 partem
1802 2817 1947 2871 dare,
2020 2819 2339 2868 Lucilius
2377 2817 2469 2867 lib.
2508 2817 2718 2867 XXVII
2760 2819 2906 2882 qui-

608 2887 727 2936 bus
765 2913 830 2921 —
865 2886 1178 2950 inpertit.
1282 2886 1338 2934 II
1392 2884 1598 2933 Nonius
1634 2888 1751 2947 472,
1794 2888 1856 2934 15
1902 2886 2196 2950 inpertit
2239 2885 2576 2950 (impertit
2612 2884 2699 2948 G).
2773 2888 2906 2934 Lu-

610 2954 816 3002 cilius
853 2954 945 3002 lib.
984 2953 1207 3003 XXVII.
1368 2952 1449 3001 ΙΙΙ
1505 2952 1644 3002 Non.
1682 2956 1797 3013 360,
1838 2956 1866 3002 7
1906 2946 2258 3003 observare
2296 2958 2517 3018 captare
2554 2951 2805 3018 (captare
2842 2954 2905 3002 in

610 3039 676 3074 m.
714 3022 833 3070 add.
871 3037 937 3068 m.
980 3024 1002 3069 1
1045 3018 1130 3085 G).
1304 3020 1379 3070 IV
1438 3019 1577 3068 Non.
1619 3024 1735 3081 374,
1772 3024 1835 3069 22
1884 3021 2180 3084 proferre
2218 3020 2392 3085 palam
2431 3022 2621 3069 facere.
2697 3021 2906 3071 Luci-

614 3088 751 3140 lius
789 3088 880 3138 lib.
920 3089 1144 3138 XXVII.
1254 3089 1301 3137 V
1360 3088 1496 3139 Non.
1535 3089 1651 3149 361,
1679 3092 1743 3137 26
1781 3091 2117 3153 proprium
2153 3105 2364 3138 rursum
2401 3088 2673 3151 significat
2710 3105 2904 3153 perpe·

611 3164 761 3206 tuum
809 3184 872 3192 --
920 3156 1167 3206 Lucilius
1223 3160 1527 3218 satyrarum
1578 3155 1671 3206 lib.
1723 3157 1878 3205 XVII
1923 3183 1988 3192 —-
2034 3158 2109 3206 M.
2155 3156 2369 3206 Tullius
2416 3189 2480 3197 »-
2526 3156 2785 3207 Afranius
2833 3183 2906 3192 —-

611 3225 916 3275 Lucilius
942 3224 1035 3273 lib.
1062 3224 1287 3273 XXVII.
1383 3223 1457 3271 VI
1503 3222 1641 3272 Non.
1669 3227 1783 3284 407,
1809 3228 1875 3273 28
1914 3229 2278 3289 tempestas
2318 3229 2542 3288 tempus·
2598 3222 2905 3276 Sallustius

609 3320 673 3327 -—
711 3293 1023 3343 Lucilius
1058 3293 1152 3341 lib.
1192 3292 1399 3340 XXVII
1438 3290 1664 3351 (XXVI
1703 3294 1745 3339 L
1784 3295 1832 3353 2,
1871 3293 2097 3356 ·Bamb.).
2205 3292 2309 3342 VII
2369 3292 2506 3341 Non.
2544 3294 2624 3353 27,
2662 3295 2694 3340 2
2732 3296 2903 3341 stra:

609 3362 810 3411 bones
849 3368 977 3412 sunt
1015 3361 1185 3411 strabi
1233 3358 1545 3423 (strambi
1582 3360 1796 3422 Bamb.,
1834 3361 1880 3407 L
1922 3363 1964 3422 1,
2002 3361 2046 3408 L
2083 3364 2132 3421 2,
2174 3360 2241 3424 G)
2289 3375 2424 3424 quos
2469 3375 2616 3409 nunc
2651 3359 2905 3411 dicimus.

782 3522 812 3575 1
842 3539 921 3577 ·re
967 3523 1058 3591 M,
1103 3523 1228 3576 item
1275 3522 1321 3575 L
1368 3522 1425 3590 1,
1469 3504 1595 3575 ¹tem
1644 3537 1818 3576 erasa
1864 3526 1998 3575 ante
2046 3528 2068 3574 t
2110 3520 2127 3574 l
2177 3520 2237 3575 G.
2302 3548 2385 3558 ·——
2443 3518 2616 3575 salute
2663 3527 2723 3574 et
2767 3522 2904 3576 cdd.

612 3605 751 3662 308.
799 3636 880 3647 ———
927 3606 1080 3661 sactis
1111 3608 1156 3661 L
1192 3607 1219 3659 1
1258 3605 1356 3662 37.
1407 3649 1411 3653 .
1491 3605 1525 3659 2
1572 3606 1799 3677 imperat
1833 3605 1884 3659 B
1915 3604 2071 3673 3083
2118 3606 2357 3677 impertit
2387 3606 2595 3676 ubique
2627 3605 2671 3659 G
2707 3599 2906 3674 (etiam

612 3709 662 3746 v.
699 3688 775 3760 3).
952 3690 988 3746 3
1034 3692 1257 3763 sospita,
1302 3692 1500 3763 inperti
1544 3690 1718 3744 salute
1763 3691 1956 3745 Lckm.
2007 3707 2057 3743 c,
2106 3690 2282 3744 Lucr.
2334 3690 2487 3755 1163
2536 3697 2589 3742 ct
2630 3691 2762 3743 add.
2813 3691 2909 3753 M,-

612 3775 842 3845 sospitat
873 3775 1093 3846 inpertit
1124 3774 1352 3830 salutem
1386 3778 1511 3831 cdd.
1628 3773 1666 3828 4
1712 3773 1996 3829 commodo
2028 3778 2086 3829 in
2118 3790 2238 3828 ras.
2277 3775 2346 3828 B.
2392 3805 2474 3813 —
2520 3773 2712 3828 audeat
2742 3775 2904 3842 lum,

516 3906 519 3909 ,
586 3855 843 3930 'gaudeat
890 3860 955 3928 G,
1004 3860 1078 3930 B,
1123 3860 1167 3913 L
1212 3878 1279 3913 m.
1330 3860 1386 3929 2,
1433 3862 1578 3915 idem
1626 3860 1657 3913 1
1709 3860 1960 3932 gaudeas,
2121 3858 2157 3912 5
2203 3860 2306 3912 iam
2353 3875 2485 3931 ergo
2534 3857 2669 3912 ordo
2718 3867 2906 3913 voster

610 3941 810 3997 scelera
857 3943 922 3997 M
966 3941 1077 4011 34,
1122 3960 1255 4015 ergo
1301 3945 1400 3998 iam
1448 3951 1625 4009 vester
1672 3942 1806 3998 ordo
1854 3943 2057 3998 scelera
2103 3943 2182 4013 G,
2228 3944 2274 3998 L
2323 3944 2387 4010 1;
2439 3947 2497 3997 in
2542 3943 2652 3998 lzoc
2693 3942 2908 4013 fuerat

612 4030 929 4099 antiquitus
973 4027 1173 4081 scelera
1220 4027 1354 4082 ordo
1402 4031 1505 4083 sed
1544 4047 1615 4083 m.
1666 4029 1696 4082 1
1747 4035 1808 4084 ut
1855 4029 1957 4085 vid.
2008 4044 2198 4089 corr.‚·
2248 4027 2452 4082 scelera
2500 4045 2604 4082 om.
2657 4027 2728 4081 B.

613 4112 648 4168 6
698 4111 830 4168 nihil
874 4113 1000 4167 cdd.
1048 4142 1131 4150 -—
1176 4111 1357 4166 datum
1404 4131 1477 4182 υ.,
1523 4114 1703 4167 datum
1750 4122 1834 4167 est
1880 4114 2006 4166 cdd.
2054 4129 2183 4166 cum
2221 4113 2291 4176 B,
2329 4112 2468 4168 Gen.
2571 4111 2637 4166 -7
2687 4113 2910 4167 chresin

609 4199 805 4254 Lclzm.
842 4214 1099 4268 prooem.
1144 4199 1272 4251 lect.
1335 4204 1475 4251 aest.
1536 4200 1687 4253 univ.
1751 4199 1945 4252 Berol.
2008 4216 2065 4252 a.
2128 4195 2285 4252 1851
2329 4214 2426 4269 pq.
2476 4195 2546 4266 5,
2592 4205 2741 4251 certe
2790 4198 2911 4252 siue

614 4284 691 4350 G,
736 4284 782 4337 L
832 4284 884 4345 1,
934 4283 978 4336 L
1024 4283 1081 4348 2,
1130 4282 1365 4343 Bamb.;
1409 4284 1524 4336 sinc
1565 4290 1696 4352 post
1739 4285 1883 4339 illud
1923 4280 1987 4337 ad
2035 4299 2118 4337 me
2161 4285 2412 4339 locatum
2457 4283 2515 4337 in
2566 4282 2908 4349 Turicensi3

612 4374 759 4425 certe
806 4366 965 4425 finem
1009 4368 1335 4423 PalatinuS.
