3267 5075
693 397 826 460 29O
1372 395 1826 451 TESTIMONIA
1861 395 1959 450 DE
1999 386 2300 451 LUCILIO.

691 572 746 619 et
785 562 1020 702 praelatla
1074 563 1315 619 Accianis
1371 580 1431 619 ac
1476 563 1783 620 Pacuvianis
1827 580 1947 619 cum
1994 562 2149 619 Gellii
2196 564 2506 619 testimonio
2563 561 2812 618 docemur
2849 571 2943 616 tum

691 647 932 704 versibus
999 691 1011 704 .
1060 647 1195 704 XXX

946 786 1001 834 et
1046 794 1140 834 sua
1186 779 1490 854 perciperet
1533 785 1683 834 retro
1728 777 1939 835 rellicta
1983 779 2152 835 iacere

945 871 1000 919 et
1044 863 1160 919 sola
1204 880 1269 919 ex
1314 863 1498 919 multis
1541 880 1687 918 nunc
1731 871 1917 918 nostra
1960 870 2205 938 poemata
2250 861 2399 918 ferri.

692 1002 780 1059 ubi
830 1001 1055 1058 videnda
1099 1016 1237 1075 quae
1283 1002 1606 1058 notavimus.
1655 1032 1737 1041 —
1780 1002 1950 1075 igitur
1993 1001 2131 1057 haud
2177 1003 2357 1075 inepte
2401 1000 2787 1075 suspicabimur
2812 1000 2947 1056 Luci·

688 1087 842 1159 lium,
874 1095 1162 1162 postquam
1192 1085 1434 1160 legitima
1462 1095 1640 1142 aetate
1669 1086 1932 1160 stipendia
1965 1088 2237 1160 equestria
2268 1085 2550 1160 persolvit,
2580 1085 2647 1142 ab
2675 1102 2806 1142 anno
2836 1103 2882 1140 u.
2902 1103 2942 1140 c.

689 1182 748 1228 ut
793 1182 923 1246 puta
970 1170 1138 1226 DCllll
1193 1187 1314 1227 cum
1371 1170 1547 1227 alieno
1601 1170 1667 1227 ab
1723 1173 1940 1227 avaritia
1997 1179 2052 1227 et
2096 1170 2384 1226 ambitione
2428 1172 2605 1227 animo
2662 1173 2769 1226 suis
2820 1177 2946 1226 esset

686 1264 979 1312 contentus
1025 1256 1180 1311 bonis
1225 1257 1279 1310 in
1326 1255 1439 1311 otio
1486 1256 1690 1311 Graeco
1734 1271 1833 1329 per
1876 1255 2151 1311 dimidium
2196 1272 2366 1330 paene
2399 1254 2672 1311 saeculum
2715 1257 2946 1311 mansisse

685 1341 847 1397 modo
893 1340 1090 1396 Romae
1135 1339 1425 1414 degentem
1469 1341 1632 1397 modo
1687 1342 1744 1396 in
1788 1341 2105 1415 propinquis
2148 1337 2284 1395 Latii
2340 1348 2395 1395 et
2449 1339 2762 1415 Campaniae
2809 1339 2946 1408 locis,

685 1433 912 1500 excepto
958 1424 1104 1498 quod
1148 1423 1348 1480 ltaliam
1388 1424 1707 1491 inferiorem
1753 1432 1807 1480 et
1852 1424 2082 1481 Siciliam
2129 1441 2252 1480 eum
2299 1423 2478 1481 obisse
2522 1433 2766 1496 constat,
2818 1421 2945 1497 quod

684 1512 786 1566 iam
833 1518 945 1566 tum
993 1510 1245 1583 temporis
1289 1508 1583 1584 plerosque
1627 1509 1989 1565 Romanorum
2045 1510 2205 1565 animi
2261 1507 2531 1565 relaxandi
2588 1526 2745 1565 causa
2787 1524 2946 1565 susce·

683 1597 828 1669 pisse
871 1596 977 1651 iter
1019 1593 1295 1669 probabile
1339 1603 1441 1651 est.
1531 1604 1707 1651 tamen
1754 1611 1874 1650 cum
1920 1611 1966 1650 a.
2015 1610 2067 1650 u.
2117 1594 2242 1652 620
2284 1592 2341 1648 P.
2376 1593 2617 1667 Scipioni
2662 1594 2727 1649 ad
2769 1593 2943 1649 bellum

684 1680 1065 1736 Numantinum
1121 1681 1268 1735 ituro
1324 1679 1519 1735 milites
1574 1688 1905 1752 negarentur
1971 1680 2084 1753 ipse
2141 1687 2201 1734 ut
2256 1680 2426 1735 amico
2497 1688 2716 1752 gereret
2766 1693 2943 1733 morem

683 1766 898 1821 cohorti
927 1766 1230 1839 praetoriae
1260 1765 1507 1820 accessit.
1569 1763 1772 1820 multus
1794 1771 1973 1819 autem
1996 1771 2080 1820 est
2109 1765 2162 1819 in
2191 1763 2439 1838 Hispania
2472 1763 2824 1834 memoranda,
2845 1777 2943 1817 eam

683 1850 917 1906 sortasse
963 1848 1031 1905 ob
1075 1864 1287 1906 causam
1332 1848 1478 1922 quod
1523 1851 1684 1905 etiam
1729 1851 1907 1923 priora
1962 1850 2017 1904 in
2063 1865 2125 1904 ea
2181 1857 2322 1904 terra
2377 1847 2641 1922 persolvit
2686 1846 2941 1922 stipendia.

853 1942 1092 1990 ceterum
1139 1941 1277 2007 quot
1319 1950 1417 2008 per
1458 1951 1629 1990 annos
1674 1935 1916 2007 poeticae
1958 1932 2246 1990 indulserit
2279 1931 2517 1989 Lucilius
2547 1932 2704 1989 facile
2732 1940 2943 2006 apparet.

686 2036 805 2075 nam
865 2036 892 2073 a
945 2017 1083 2092 Lupi
1152 2034 1382 2074 censura
1437 2034 1612 2092 usque
1665 2018 1729 2073 ad
1788 2018 1964 2073 Crassi
2018 2016 2345 2073 tribunatum
2401 2025 2534 2073 sunt
2598 2019 2720 2073 anni
2774 2015 2944 2072 XXXX.

682 2106 756 2158 ita
801 2103 941 2176 apud
986 2101 1218 2158 Graecos
1265 2102 1589 2176 Sophoclem
1647 2111 1704 2158 et
1746 2102 2086 2176 Euripidem,
2145 2102 2285 2177 apud
2330 2101 2601 2158 Romanos
2647 2101 2861 2157 Ennium
2899 2108 2946 2154 et

683 2188 970 2244 Pacuvium
1013 2187 1361 2243 continuasse
1405 2189 1637 2247 carmina
1681 2188 1745 2243 ad
1789 2204 2050 2242 summam
2095 2194 2432 2243 senectutem
2476 2188 2847 2260 comperimus.

853 2272 910 2328 3.
981 2270 1113 2327 illud
1160 2278 1297 2328 tunc
1341 2273 1387 2327 si
1431 2290 1542 2327 non
1586 2274 1691 2328 erit
1734 2272 2045 2347 delendum,
2091 2274 2162 2327 ita
2206 2270 2588 2345 explicabimus
2634 2280 2693 2327 ut
2736 2270 2945 2326 dicamus

684 2355 996 2431 aequalibus
1040 2354 1228 2412 Lucilii
1284 2373 1372 2412 eas
1431 2359 1655 2413 maxime
1710 2366 1891 2431 partes
1935 2364 2239 2412 saturarum
2293 2358 2409 2412 eius
2454 2356 2723 2430 placuisse
2774 2354 2944 2429 quihus

680 2444 764 2497 sui
809 2442 1070 2515 temporis
1116 2440 1444 2497 obtrectaret
1472 2444 1670 2515 poetis.
1718 2472 1800 2481 —
1843 2458 2147 2516 congruum
2192 2450 2370 2497 autem
2419 2451 2722 2514 temporum
2752 2439 2947 2495 rationi-

682 2526 783 2582 bus
827 2543 927 2582 nec
969 2524 1253 2600 indiguum
1297 2528 1551 2583 memoria
1597 2525 1731 2584 illud
1776 2526 1942 2602 longe
1984 2526 2242 2601 plurimas
2288 2527 2622 2601 tragicorum
2667 2525 2943 2600 aequalium

681 2613 1066 2667 insectationes
1123 2613 1391 2667 contineri
1434 2610 1622 2668 Lucilii
1679 2613 1715 2668 l.
1774 2611 2152 2667 xxvi—xxx
2208 2613 2314 2668 hoc
2369 2620 2453 2667 est
2498 2613 2575 2667 eis
2629 2628 2762 2685 quos
2810 2610 2945 2683 prius

681 2697 1007 2770 composuit.
1077 2713 1215 2768 quos
1246 2695 1393 2769 quod
1435 2696 1654 2753 silentio
1701 2698 1979 2770 praeteriit
2024 2696 2110 2752 ubi
2144 2695 2373 2753 debebat
2402 2713 2700 2752 memorare
2729 2694 2947 2767 Porphy-

682 2783 763 2838 rio
809 2784 863 2837 in
908 2782 1227 2837 commentis
1271 2780 1337 2836 ad
1381 2779 1512 2836 Hor.
1559 2791 1662 2837 sat.
1694 2781 1736 2853 1,
1772 2782 1872 2853 10,
1909 2781 1988 2838 58
2035 2799 2144 2838 non
2191 2782 2393 2855 poterit
2437 2798 2558 2837 esse
2589 2783 2776 2836 mirum
2804 2794 2946 2851 repu-

683 2865 917 2922 tantibus
976 2866 1100 2922 huic
1155 2882 1266 2921 non
1319 2866 1490 2940 magis
1545 2883 1707 2939 quam
1759 2866 2034 2940 plerisque
2089 2875 2331 2922 veterum
2375 2866 2835 2940 grammaticorum
2874 2863 2945 2917 iu-

682 2952 927 3006 notuisse
981 2949 1168 3006 Lucilii
1226 2950 1494 3007 trochaica
1550 2952 1661 3006 sive
1706 2949 1940 3006 iambica.
2034 2968 2096 3007 ea
2151 2958 2332 3006 autem
2377 2967 2516 3025 quae
2568 2950 2608 3006 l.
2657 2949 2781 3005 Vllll
2831 2953 2940 3002 sunt

681 3036 858 3108 posita
901 3033 966 3088 ad
1009 3033 1354 3108 inpugnanda
1396 3036 1539 3090 Accii
1572 3035 1638 3091 de
1669 3034 1955 3091 verborum
1986 3038 2254 3109 scriptura
2294 3035 2488 3109 placita
2517 3052 2744 3092 evenere
2780 3031 2943 3089 multis

681 3120 835 3175 annis
878 3126 1025 3193 post.

829 3203 909 3259 ,7.
984 3211 1078 3259 aut
1120 3219 1326 3259 errasse
1370 3203 1634 3261 Velleium
1681 3213 1773 3260 aut
1801 3203 2043 3279 Pompeii
2085 3222 2240 3260 avum
2284 3205 2455 3261 fuisse
2485 3208 2682 3262 satirici
2727 3204 2942 3272 fratrem,

681 3289 773 3363 qui
804 3291 858 3345 in
890 3297 1136 3345 senatum
1167 3290 1493 3361 pervenerit,
1537 3287 1824 3345 dicendum
1854 3291 1976 3345 erit.
2053 3292 2223 3365 magis
2260 3290 2478 3363 quidem
2508 3290 2728 3348 inclinat
2757 3290 2942 3346 animus

685 3383 743 3429 ut
787 3382 1016 3430 statuam
1064 3374 1184 3429 hoc.
1274 3372 1499 3429 videnda
1543 3390 1682 3446 quae
1726 3373 1977 3430 dicentur
2019 3374 2084 3429 ad
2131 3375 2187 3431 9.

853 3459 908 3516 9.
984 3459 1116 3515 haec
1161 3456 1349 3514 melius
1395 3458 1456 3513 ad
1503 3466 1808 3515 senatorem
1852 3457 2116 3515 Lucilium
2163 3458 2355 3516 referri
2401 3469 2643 3534 apparet.

851 3543 949 3600 10.
1026 3544 1131 3599 huc
1173 3544 1411 3617 pertinet
1453 3542 1599 3616 quod
1626 3541 1868 3600 Laelium
1910 3560 2124 3619 semper
2168 3543 2280 3601 sere
2311 3562 2434 3601 cum
2466 3545 2716 3619 Scipione
2745 3543 2940 3600 solitum

678 3628 926 3683 rusticari
970 3636 1025 3683 et
1066 3626 1454 3683 incredibiliter
1496 3643 1874 3700 repuerascere
1917 3628 2087 3685 refert
2132 3629 2337 3685 Tullius
2381 3629 2450 3686 de
2495 3647 2576 3687 or.
2606 3630 2673 3702 ll,
2705 3630 2759 3688 6.
2836 3643 2941 3684 nam

681 3713 873 3768 tertius
929 3710 1068 3767 haud
1124 3710 1282 3767 dubie
1338 3712 1657 3785 plerumque
1711 3714 1935 3769 accessit
2000 3713 2106 3770 illis
2162 3715 2217 3769 in
2279 3718 2707 3772 commoratione
2761 3714 2942 3770 rustica

673 3795 929 3853 Lucilius.
1197 3793 1208 3802 ’

851 3880 950 3937 17.
1034 3880 1141 3936 hoc
1194 3882 1426 3937 carmine
1480 3880 1737 3937 Horatius
1791 3880 2028 3938 declarat
2083 3883 2257 3957 qualis
2321 3886 2394 3939 sit
2451 3885 2700 3943 condicio
2753 3894 2942 3941 saturae

677 3966 1002 4039 Lucilianae,
1048 3980 1206 4038 quam
1251 3962 1451 4020 frustra
1496 3974 1807 4039 temptatam
1852 3983 1881 4021 a
1925 3966 2164 4024 Varrone
2195 3969 2418 4024 Atacino
2471 3979 2528 4026 et
2572 3970 2664 4027 diu
2709 3973 2941 4027 iacentem

633 4047 650 4064 ⁸
675 4056 793 4127 ipse
848 4053 1056 4126 primus
1110 4051 1459 4123 restauravit,
1517 4049 1693 4106 habita
1753 4059 1927 4122 tamen
1987 4054 2193 4109 ratione
2261 4061 2569 4127 temporum
2626 4054 2941 4113 diversitatis.

678 4138 838 4195 simul
868 4135 997 4211 quid
1027 4136 1203 4191 minus
1235 4133 1389 4190 laude
1419 4133 1644 4207 dignum
1676 4134 1917 4191 videatur
1961 4137 2063 4210 ipsi
2105 4139 2162 4193 in
2191 4136 2378 4195 Lucilii
2409 4140 2736 4197 carminibus
2778 4147 2942 4196 contra

678 4223 1006 4297 antiquarios
1050 4220 1284 4276 disserit.

847 4307 1028 4364 1-6.
1104 4306 1347 4379 Eupolis
1381 4335 1448 4343 —
1486 4304 1662 4359 hosce
1703 4311 1952 4361 secutus.
2041 4306 2179 4363 hanc
2229 4309 2481 4382 antiquae
2528 4311 2826 4368 Atticorum
2867 4323 2945 4364 co·

677 4392 918 4448 moediae
963 4392 1312 4447 imitationem
1371 4390 1501 4461 quin
1555 4388 1674 4460 ipse
1717 4389 1770 4443 iu
1817 4388 2070 4461 operibus
2126 4394 2240 4448 suis
2284 4394 2570 4468 professus
2616 4398 2688 4452 sit
2731 4391 2943 4451 Lucilius
