3267 5075
1244 378 1463 431 LIBER
1499 378 1696 432 xxvi.
1919 359 1934 372 '
2535 378 2622 441 85

1205 538 1476 604 XLVIII
1524 537 1661 625 [26]
1693 542 1735 622 β

502 657 786 717 veterem
823 656 1158 719 historiam
1195 654 1492 719 inductus
1533 656 1744 718 studio
1786 656 2010 719 scribis
2050 656 2128 719 ad
2169 678 2416 720 amores
2452 659 2616 720 tuos

1212 756 1442 833 'XLIX
1491 772 1629 850 [10]
1662 795 1703 833 a

500 938 538 947 -
563 929 726 950 „Le
822 888 919 968 ut,
967 885 1021 948 si
1068 885 1338 950 eloviem
1384 885 1592 950 facere
1639 908 1752 969 per
1797 889 2087 950 ventrem
2133 886 2290 951 velis
2301 911 2335 970 ,·

362 1001 455 1064 60
503 1001 701 1065 sudor
747 1023 814 1065 se
862 1001 1159 1064 omnibus
1207 999 1487 1065 distento
1534 1022 1799 1084 corpore
1845 1001 2095 1084 expirat
2138 1002 2279 1067 viis,

1231 1115 1282 1179 L
1332 1114 1469 1199 [V1‚
1518 1117 1584 1195 6]
1617 1116 1706 1198 β*

501 1281 850 1301 υυυυυυ
897 1232 950 1294 si
995 1231 1100 1294 hie
1147 1232 1533 1294 vestimenta
1577 1232 1775 1295 elovit
1820 1232 1988 1314 luto,

503 1345 663 1409 adeo
708 1346 909 1410 risum
956 1366 1265 1430 magnum
1311 1345 1658 1429 inprudens
1708 1369 1782 1410 ae
1828 1347 2120 1411 cacinum
2168 1348 2418 1413 subicit.

1333 1460 1418 1525 LI
1465 1462 1603 1541 [30]

500 1577 788 1641 munifici
833 1599 1170 1662 comesque
1217 1577 1438 1641 amicis
1484 1578 1727 1641 nostris
1773 1576 2102 1642 videamur
2147 1579 2285 1643 viri.

1320 1691 1451 1778 ⁸LII
1501 1693 1594 1774 [4]

503 1809 587 1873 ad
630 1809 966 1872 libertinus
1012 1807 1360 1890 TricoriUS‚
1408 1806 1604 1890 Syrus
1652 1809 1789 1891 ipse
1837 1831 1911 1873 ae
1957 1810 2308 1892 masticiaS,

359 1926 451 1991 65
500 1925 759 2009 quicum
804 1923 1158 2007 versipellis
1204 1924 1291 1988 fio
1338 1927 1404 1987 et
1426 1910 1706 2007 'quicum
1751 1927 2053 1988 conmuto
2101 1926 2333 1989 omnia.

1296 2038 1447 2102 Lm
1495 2039 1633 2120 [60]

498 2155 1014 2241 quandoquidem
1041 2155 1292 2238 reperti
1338 2156 1593 2240 magnis
1641 2155 2074 2219 conbibonum
2122 2177 2198 2218 ex
2244 2157 2462 2239 copiis.

314 2336 534 2385 tentius
571 2358 633 2367 —-
674 2334 746 2385 M.
772 2332 984 2383 Tullius
1021 2358 1081 2366 —-
1121 2332 1427 2383 Lucilius
1463 2333 1556 2382 lib.
1596 2332 1795 2382 XXVI.
1936 2332 2168 2382 XLVIII
2227 2333 2366 2383 Non.
2394 2337 2512 2397 330,
2546 2338 2606 2384 13

316 2401 553 2453 induci
605 2400 885 2450 delectarI.
973 2399 1290 2451 Lucilius
1340 2399 1434 2453 lib.
1489 2400 1671 2451 XXVI
1721 2397 1863 2465 (lib.
1911 2399 2121 2449 XXVI
2168 2416 2271 2450 om.
2319 2401 2406 2464 A).

313 2470 499 2520 XLIX
558 2469 771 2519 Nonius
815 2471 908 2529 38,
946 2470 1012 2518 26
1059 2483 1099 2521 s.
1138 2484 1187 2516 v.
1242 2468 1550 2532 expirare
1595 2496 1656 2503 —-
1707 2467 2013 2519 Lucilius
2062 2468 2154 2518 lib.
2204 2468 2287 2518 111
2332 2495 2397 2503 —-
2442 2469 2608 2519 idem

313 2539 519 2588 XXVI.
571 2565 625 2572 —
680 2537 818 2586 idem
858 2539 979 2600 103,
1016 2540 1081 2587 32
1129 2537 1418 2586 eloviem
1467 2537 1604 2595 (cdd.
1652 2536 1966 2599 eleviem)
2013 2537 2411 2601 purgationem.
2479 2539 2606 2588 Lu-

314 2607 527 2657 cilius
562 2605 657 2656 lib.
697 2605 876 2654 XXVI
913 2610 975 2654 ut
1012 2632 1077 2640 —
1112 2603 1267 2654 velis.
1471 2605 1518 2653 L
1573 2605 1711 2653 Non.
1755 2607 1878 2668 103,
1915 2607 1980 2655 29
2037 2604 2248 2654 elevit
2292 2605 2606 2657 maculavit.

312 2674 633 2726 Lucilius
678 2671 776 2722 lib.
815 2672 996 2723 XXVI
1041 2671 1140 2735 (ita
1178 2672 1291 2733 Sc.,
1342 2671 1435 2722 lib.
1469 2672 1557 2721 VI
1603 2672 1746 2735 cdd.;
1800 2672 1868 2723 cf.
1913 2677 1967 2722 et
2002 2672 2259 2723 Kettneri
2303 2671 2397 2723 lib.
2448 2674 2604 2724 scho-

315 2742 501 2794 lastici
537 2757 696 2806 quem
731 2740 1041 2790 memorabo
1088 2740 1145 2788 in
1181 2740 1327 2790 notis
1363 2740 1433 2789 ad
1477 2738 1512 2788 l.
1549 2739 1704 2789 XXX
1739 2754 1827 2805 pg.
1870 2739 1971 2801 16).
2112 2741 2185 2790 LI
2244 2740 2385 2789 Non.
2424 2743 2505 2803 23,
2546 2745 2608 2792 10

314 2825 541 2862 munes
589 2809 692 2870 (ita
727 2809 900 2870 docti3
947 2823 1174 2858 mones
1212 2804 1351 2874 cdd.)
1396 2811 1530 2872 aput
1572 2812 1786 2857 veteres
1830 2807 2152 2858 dicebantur
2198 2823 2306 2857 non
2352 2807 2491 2871 largi
2534 2809 2606 2871 (v.

314 2944 557 2981 nonam
602 2927 933 2990 largiatia
992 2900 1303 2990 (largi⁸tia
1351 2926 1427 2986 G)
1484 2928 1722 2988 ignota
1774 2924 1973 2988 erat),
2030 2925 2128 2976 sed
2186 2925 2603 2976 eonsentientes

313 3000 380 3048 ad
428 3012 493 3047 ea
540 3011 681 3060 quae
728 2996 890 3044 amici
933 2993 1125 3045 velint.
1204 2994 1477 3044 Pacuvius
1521 2993 1841 3043 Duloreste:
1903 2994 2246 3058 animumque
2292 2991 2318 3019 *
2353 2989 2379 3017 *
2414 2990 2440 3018 *
2486 2993 2603 3043 Sal-

312 3066 515 3117 lustius
553 3064 611 3112 in
647 3062 936 3124 Iugurtha:
975 3076 1099 3111 nam
1133 3062 1413 3111 etiamtum
1449 3061 1673 3124 largitio
1708 3061 1898 3110 multis
1922 3059 2112 3123 ignota
2135 3065 2256 3110 erat
2294 3059 2431 3120 (cdd.
2468 3062 2605 3110 ani-

312 3150 470 3183 mum
510 3146 683 3197 quae
720 3135 847 3180 tum
886 3130 1171 3192 largitio
1207 3129 1437 3179 multis
1473 3130 1713 3193 ignota
1751 3129 1957 3189 erat);
1995 3127 2280 3179 munificus
2316 3144 2469 3177 nemo
2506 3145 2604 3192 pu-

312 3202 534 3251 tabatur
569 3198 680 3248 nisi
720 3198 925 3261 pariter
961 3196 1169 3248 volens.
1237 3195 1552 3247 Lucilius
1590 3196 1682 3250 lib,
1719 3195 1919 3246 XXVI.
2115 3198 2219 3247 LII
2277 3196 2415 3248 Non.
2453 3197 2535 3257 38,
2573 3198 2604 3244 6

310 3265 743 3331 versipelles
791 3265 926 3315 dicti
973 3269 1100 3315 sunt
1146 3264 1384 3329 quolibet
1427 3279 1624 3328 genere
1679 3280 1739 3314 se
1792 3268 2200 3315 commutantes,
2294 3263 2603 3313 Lucilius

309 3338 405 3390 lib.
444 3333 644 3384 XXVI.
849 3333 982 3381 LIII
1042 3333 1179 3382 Non.
1217 3330 1311 3394 38,
1352 3335 1408 3381 11
1466 3332 1882 3382 conbibones
1930 3331 2392 3395 (combibones
2437 3330 2603 3393 docti,

309 3403 764 3455 conviviones
807 3400 1024 3462 Bamb.‚
1060 3399 1133 3462 G,
1171 3400 1218 3448 L
1262 3403 1280 3448 l
1321 3415 1390 3449 m.
1432 3403 1486 3462 1,
1530 3400 1672 3448 idem
1708 3402 1737 3448 2
1783 3398 2221 3462 convivones)
2277 3405 2601 3462 conpotores

310 3472 836 3538 (conputatores
883 3467 1090 3532 Bamb.)
1137 3485 1170 3518 a
1215 3467 1445 3517 bibendo
1490 3468 1643 3517 dicti.
1722 3466 2032 3516 Lucilius
2076 3465 2169 3519 lib.
2218 3465 2413 3515 XXVI.

485 3629 564 3693 58
612 3630 729 3685 hist
773 3628 837 3684 G.
1057 3625 1137 3684 59
1192 3629 1236 3683 si
1284 3646 1386 3685 om.
1445 3629 1573 3683 cdd.
1624 3628 1762 3684 103.
1819 3658 1900 3667 -—
1958 3627 2184 3683 eloviem
2229 3628 2324 3699 M,
2380 3627 2601 3683 eleviem

312 3719 445 3774 cclcl.
492 3714 637 3786 103,
681 3716 827 3770 idem
875 3711 955 3768 38
1002 3712 1250 3768 eluviem.
1298 3742 1368 3751 -
1422 3720 1641 3781 ventum
1699 3716 1907 3784 scripti
1952 3711 2090 3767 103.
2308 3711 2390 3768 60
2433 3712 2604 3768 sudor

311 3819 373 3857 se
422 3831 498 3840 —-
547 3800 752 3872 expirat
795 3798 879 3871 M,
924 3814 1113 3853 curare
1167 3827 1231 3837 —
1284 3798 1490 3870 expiret
1535 3798 1664 3854 cdd.
1713 3828 1787 3835 ——
1837 3798 1932 3852 viis
1979 3816 2053 3869 v.,
2101 3797 2174 3852 vis
2222 3800 2443 3869 scripti.

312 3886 389 3942 61
442 3885 607 3941 elovit
650 3884 733 3955 M,
778 3882 939 3938 elevit
983 3883 1107 3938 cdd.
1311 3881 1389 3938 62
1436 3881 1569 3937 adeo
1614 3882 1710 3954 M,
1755 3881 1819 3936 ab
1864 3898 1930 3937 eo
1976 3900 2025 3938 v.
2070 3913 2153 3921 —
2196 3882 2495 3956 inprudens
2540 3888 2637 3937 ae·

2106 3975 2144 4016 N
2169 3989 2226 4021 m.
2253 3978 2279 4016 2

307 4039 553 4095 eacinum
619 4037 709 4108 Μ,
776 4035 840 4090 ad
906 3993 1221 4091 egebinnum
1285 4034 1578 4108 inprudens
1662 4035 1743 4108 G,
1815 4035 1880 4090 ad
1951 4036 2229 4092 chaeinum
2302 4033 2598 4108 inprudens

307 4124 355 4180 L
405 4123 463 4180 1.
637 4120 718 4177 64
765 4122 995 4176 tricosus
1043 4120 1230 4190 Scae„
1275 4123 1399 4176 sine
1444 4136 1647 4176 causa.
1695 4151 1773 4159 —
1820 4119 1970 4176 Sirus
2022 4122 2147 4176 cdd.
2194 4149 2274 4158 —-
2320 4118 2384 4173 ad
2429 4120 2596 4189 idem,

308 4226 373 4264 ac
421 4207 575 4264 Scal.
622 4237 706 4245 —
749 4207 1018 4261 masticias
1063 4208 1284 4276 scripli,
1333 4205 1607 4278 mastigias
1656 4224 1704 4264 v.
1909 4203 1988 4261 65
2034 4211 2307 4261 commuto
2355 4201 2421 4268 G.

310 4292 392 4349 66
442 4292 643 4364 reperti
689 4290 777 4361 M,
825 4291 1038 4364 repperi
1081 4291 1244 4357 libr&
1295 4290 1556 4361 fortasse
1611 4306 1699 4345 res
1747 4290 1922 4363 periit.
1965 4319 2051 4330 -
2093 4286 2472 4344 combibonum
2521 4306 2595 4360 v.,

309 4377 661 4433 convivorum
706 4379 925 4447 scripti.

42 4654 541 5050 Γ,
