3267 5075
629 336 802 414 xxn
1090 342 1620 410 QUAESTIONUM
1657 341 2217 397 LUCILIANARUM
2253 342 2487 397 LIBER.

633 516 817 574 libros
837 514 1068 573 Lucilii.
1099 515 1201 590 qui
1221 513 1462 589 quidem
1483 512 1629 572 satis
1657 513 2065 589 infrequenter
2088 514 2266 572 huius
2286 514 2650 572 mentionem
2668 514 2930 587 iniciunt,

634 622 854 697 partim
901 621 1209 679 deficiente
1248 621 1518 679 doctrina
1563 612 1730 691 (nam
1767 624 1838 680 ut
1872 639 2091 695 paucas
2128 621 2423 697 ingenuae
2463 620 2767 680 doctrinae
2803 623 2933 680 reli-

634 729 804 803 quias
833 729 920 786 ita
948 728 1235 802 plurimas
1273 727 2023 815 habent‘interpolationes
2052 719 2500 806 ineptissimas),
2546 729 2769 803 partim
2797 730 2933 804 quia

813 969 885 1026 In
915 968 1213 1028 scholiis
1243 967 1514 1027 Lucani
1542 966 2030 1026 Bernensibus
2060 969 2218 1042 quod
2247 944 2505 1027 occurrit
2532 969 2617 1027 ibi
2640 968 2936 1045 fragmen-

637 1078 768 1134 tum
798 1094 868 1133 ex
896 1075 1077 1134 Festo
1116 1075 1361 1134 ductum
1392 1094 1498 1133 suo
1525 1075 1655 1133 loco
1684 1075 1902 1134 notavi.
1940 1106 2014 1114 —
2060 1078 2338 1148 ceterum,
2378 1077 2449 1133 ut
2477 1076 2670 1135 obiter
2698 1077 2811 1136 hoc
2840 1078 2937 1135 ad-

639 1182 791 1254 dam,
831 1182 894 1239 in
930 1180 1173 1256 reliquis
1212 1181 1437 1240 Lucani
1476 1181 1823 1240 commentis
1864 1181 1988 1240 sive
2027 1181 2202 1240 editis
2241 1181 2366 1241 sive
2408 1202 2527 1241 non
2570 1183 2745 1243 editis
2789 1185 2938 1243 nihil

637 1288 890 1348 inveniri
917 1288 1075 1363 quod
1105 1288 1178 1346 ad
1208 1288 1505 1346 Lucilium
1533 1287 1833 1362 pertineat
1862 1286 2153 1347 Genthius
2183 1291 2389 1347 noster
2416 1308 2511 1347 me
2541 1290 2759 1349 docuit.

816 1422 1008 1480 Nonio
1051 1441 1194 1479 usus
1239 1421 1684 1495 Priscianus,
1729 1424 1823 1480 ter
1865 1421 2106 1497 quidem
2147 1422 2498 1481 nominatim
2536 1425 2839 1499 appellato
2879 1430 2941 1484 et

637 1529 732 1587 hic
760 1529 881 1587 illic
909 1531 980 1586 ut
1006 1531 1152 1603 puto
1182 1529 1308 1587 sine
1337 1528 1573 1587 nomine
1603 1528 1876 1601 auctoris,
1908 1531 2220 1603 praeterea
2249 1526 2457 1604 Capro,
2489 1549 2605 1605 quo
2645 1534 2707 1589 et
2735 1529 2940 1590 Chari-

640 1611 854 1694 81116615
881 1635 1225 1711 Diomedes3
1265 1654 1413 1710 quos
1452 1635 1692 1709 quidem
1730 1638 1791 1693 et
1827 1636 1986 1710 ipsos
2019 1635 2307 1693 adhibuit.
2344 1666 2417 1675 —
2458 1636 2550 1695 bis
2578 1642 2875 1697 memorat
2901 1640 2939 1697 1.

637 1743 802 1801 XXX
829 1761 1054 1816 versus»,
1087 1741 1270 1801 semel
1305 1738 1504 1818 [frgm.
1539 1738 1649 1816 84]
1684 1742 1937 1799 eundem
1964 1760 2142 1817 quem
2170 1742 2415 1816 Nonius,
2442 1744 2551 1816 *sed
2579 1763 2698 1803 non
2728 1763 2800 1802 ex
2828 1746 2940 1806 hoc

621 1851 912 1925 petitum.
949 1881 1022 1890 —
1057 1850 1216 1907 idem
1247 1849 1430 1906 semel
1460 1848 1585 1907 sine
1621 1847 1761 1905 libri
1798 1852 1941 1907 nota
1968 1848 2265 1907 trochaico
2305 1850 2641 1924 septenario
2671 1871 2817 1912 usus
2849 1857 2944 1911 est

644 1956 778 2033 [inc.
815 1955 987 2031 138],
1030 1975 1208 2032 quem
1251 1975 1324 2013 ex
1364 1954 1628 2030 pleniore
1672 1958 1742 2012 ut
1782 1958 1927 2029 puto
1971 1955 2150 2015 Nonii
2193 1957 2517 2030 exemplari
2561 1958 2755 2017 duxit:
2799 1979 2940 2018 nam

641 2065 799 2139 apud
841 2065 998 2121 hunc
1041 2063 1182 2122 olim
1223 2062 1409 2120 fuisse
1451 2061 1715 2135 positum
1758 2061 1928 2118 illum
1976 2080 2020 2120 S.
2063 2062 2101 2120 1.
2147 2064 2415 2136 amplexa
2456 2084 2563 2139 pro
2608 2066 2943 2138 amplexare

641 2172 786 2244 470,
822 2173 857 2230 9
894 2188 1247 2246 persuasum
1275 2169 1483 2247 habe0.
1519 2200 1591 2208 -
1630 2171 1693 2227 et
1719 2169 2121 2245 compluribus
2152 2172 2331 2244 caput
2358 2169 2476 2228 VH
2504 2170 2683 2230 Nonii
2709 2172 2941 2233 lacunis

642 2279 922 2337 deforme.
967 2308 1042 2317 -
1086 2278 1349 2335 ceterum
1377 2274 1714 2335 Priscianus
1752 2276 1978 2351 pariter
2015 2278 2193 2351 atque
2224 2276 2466 2337 Servius
2506 2278 2629 2337 sive
2669 2298 2778 2338 sua
2817 2282 2944 2341 sive

641 2385 1168 2463 grammaticorum
1209 2402 1356 2459 quos
1396 2384 1759 2459 exscripsere
1798 2384 1973 2458 culpa
2000 2401 2181 2459 quam
2210 2401 2385 2458 saepe
2425 2384 2547 2442 sint
2581 2385 2737 2460 lapsi
2765 2386 2829 2443 in
2857 2387 2943 2445 af-

642 2492 903 2553 ferendis
935 2491 1172 2566 scriptis
1202 2494 1512 2550 auctorum
1542 2493 1752 2551 notum
1780 2490 2096 2566 plerisque.

822 2616 1328 2676 Cassiodorius
1357 2616 1448 2673 bis
1478 2615 1693 2674 Lucilii
1722 2615 1888 2672 inicit
1926 2615 2289 2673 mentionem
2326 2616 2387 2673 in
2420 2617 2713 2691 capitibus
2744 2620 2942 2694 operis

642 2724 728 2783 XI
770 2727 832 2783 et
873 2724 902 2780 Ι
943 2742 1094 2799 quae
1137 2741 1209 2780 ex
1249 2722 1317 2781 L.
1363 2720 1639 2780 Caesellii
1679 2721 1944 2780 Vindicis
1987 2722 2090 2796 qui
2134 2721 2251 2778 fuit
2292 2723 2659 2796 temporibus
2699 2725 2944 2784 Traiani

643 2833 740 2893 vel
767 2830 1058 2889 Hadriani
1097 2832 1420 2889 stromateo
1448 2847 1716 2905 quaeque
1751 2848 1823 2886 ex
1850 2828 2083 2886 Annaei
2113 2826 2361 2887 Cornuti
2389 2830 2654 2904 aequalis
2685 2831 2942 2890 Neronis

520 2980 526 2985 -
644 2941 708 2998 et
733 2938 1076 2998 Flaviorum
1117 2937 1270 2996 libro
1309 2937 1381 2994 de
1422 2937 1827 3021 enuntiatione
1865 2937 1962 2995 vel
2000 2935 2427 3012 orthographia
2465 2936 2588 2996 sive
2617 2938 2815 2997 verius
2848 2958 2944 2996 ex-

645 3045 864 3122 cerptis
903 3045 1029 3103 eius
1069 3045 1248 3103 ducta
1287 3046 1444 3103 sunt.
1502 3047 1563 3102 et
1591 3041 1947 3102 Caesellium
1985 3043 2225 3118 quidem
2264 3061 2335 3100 ex
2362 3042 2631 3119 Varrone
2668 3044 2943 3104 hausisse

649 3173 749 3209 suu
793 3153 1032 3210 aliunde
1070 3153 1304 3211 constat
1341 3143 1439 3229 (ea
1476 3151 1663 3225 ipsius
1704 3168 1811 3207 seu
1847 3150 2047 3224 potius
2087 3147 2447 3209 Cassiodorii
2484 3152 2659 3226 culpa
2694 3171 2943 3228 gravem

649 3265 733 3317 tm
749 3281 881 3317 rure
901 3248 1216 3338 errorem);
1246 3258 1309 3315 in
1330 3255 1578 3316 Cornuti
1607 3256 1896 3331 excerptis
1917 3255 2202 3323 Varronis
2222 3257 2443 3315 mentio
2463 3257 2789 3316 identidem
2808 3278 2943 3318 cum

649 3369 923 3423 iniria-tur
963 3366 1145 3424 etiam
1187 3383 1339 3441 quae
1382 3365 1455 3422 de
1497 3363 1727 3422 Lucilio
1769 3363 2113 3421 referuntur
2154 3363 2298 3439 quin
2341 3381 2414 3421 ex
2455 3365 2564 3423 hoc
2605 3365 2726 3423 sint
2764 3365 2944 3424 ducta

649 3477 922 3530 dubitare
951 3473 1090 3532 noli.
2551 3472 2562 3485 ⁶

829 3597 940 3665 Qui
967 3599 1182 3672 quarta
1209 3597 1536 3677 quintaque
1575 3596 1838 3672 sylloges
1867 3595 2171 3654 Keilianae
2200 3598 2371 3671 parte
2400 3597 2778 3657 continentur
2804 3599 2946 3658 libri

649 3725 797 3781 ν1111111
809 3703 1023 3762 1111161161
1050 3703 1210 3761 intra
1238 3722 1423 3763 annos
1453 3723 1490 3763 a
1519 3704 1650 3762 400
1678 3702 1754 3759 ad
1787 3704 1914 3760 600
1942 3722 1999 3777 p.
2030 3701 2166 3762 Chr.
2196 3705 2521 3779 compositi,
2557 3705 2773 3780 quibus
2803 3706 2945 3769 Pro-

649 3813 861 3869 l‚·⁴.·÷r11u1
890 3808 1348 3884 Serviorumque
1385 3810 1511 3870 sive
1541 3809 1887 3885 Sergiorum
1915 3827 1982 3866 ac
2009 3808 2229 3868 Donati
2270 3812 2332 3868 et
2360 3807 2627 3871 Cledonii
2654 3810 2947 3886 Pompeii-

649 3937 761 3993 111111
805 3921 865 3973 et.
891 3913 1210 3989 Consentii,
1240 3919 1310 3975 ut
1336 3916 1566 3975 minora
1591 3916 1886 3992 quaedam
1913 3915 2167 3989 mittam,
2206 3917 2585 3976 continentur
2619 3936 2813 3991 curae,
2844 3937 2947 3993 pa-

657 4045 777 4081 1111111
821 4023 1080 4081 afferunt
1115 4023 1395 4081 utilitatis
1424 4021 1670 4081 Lucilio,
1727 4042 1867 4081 nam
1899 4041 2055 4110 guae
2091 4021 2176 4080 ibi
2202 4022 2479 4083 feruntur
2507 4027 2576 4083 ut
2602 4024 2833 4098 Lucilii,
2874 4043 2949 4084 ea

653 4146 888 4206 1111111161*
924 4147 1114 4205 pauca
1150 4132 1256 4188 aut
1291 4129 1444 4187 falso
1480 4129 1618 4188 huic
1654 4130 1886 4191 tributa
1923 4132 2029 4190 aut
2068 4148 2140 4188 ex
2176 4130 2441 4190 fontibus
2480 4131 2820 4190 etiamnunc
2849 4151 2948 4191 ex-

657 4238 922 4296 tani-ihus
952 4237 1227 4296 traducta
1254 4238 1520 4312 apparet.

833 4362 993 4430 Quae
1031 4362 1104 4420 de
1140 4362 1297 4422 notis
1335 4359 1552 4419 criticis
1582 4377 1619 4418 a
1647 4359 1839 4420 Probo
1869 4364 1932 4420 et
1966 4362 2099 4421 aliis
2138 4362 2212 4421 ad
2242 4361 2457 4421 Lucilii
2484 4382 2695 4423 versus
2723 4364 2949 4424 additis
