3267 5075
1318 368 1536 422 LIBER
1571 368 1690 423 XV.
2515 368 2645 431 237

529 537 640 610 XV,
676 537 731 591 1.
770 536 828 592 2.
895 554 1137 608 quorum
1169 539 1225 591 in
1254 540 1457 607 primis
1485 537 1870 608 Polyphemus
1899 552 1946 590 e.
1980 553 2030 607 q.
2067 554 2114 591 S.
2134 555 2159 604 ς·
2187 538 2440 608 pergula
2466 538 2648 606 picto-

346 641 506 692 rum,
553 625 683 677 veri
723 623 803 677 nil
847 624 1032 676 omnia
1075 623 1231 692 ficia.
1334 619 1481 676 verbi
1538 619 1860 676 substantivi
1919 620 2129 679 formae
2175 629 2292 690 est,
2349 628 2481 676 sunt
2541 627 2649 674 tam

344 706 680 779 frequenter
722 707 953 762 omissae
996 707 1050 760 in
1080 704 1270 760 Lucilii
1313 704 1556 778 reliquiis
1602 700 1908 779 (aliquando
1953 704 2087 759 adeo
2118 704 2250 761 illud
2280 703 2450 775 esse),
2496 704 2647 760 nullo

346 799 417 846 ut
459 799 626 864 pacto
673 791 846 864 possit
891 791 1119 864 cogitari
1167 788 1366 862 ubique
1413 789 1754 846 librariorum
1800 788 1986 844 fraude
2040 798 2133 843 aut
2174 789 2423 844 sensibus
2470 790 2649 862 inper-

344 875 514 932 fectis
559 875 618 930 id
663 875 879 931 sactum.
968 891 1078 947 ego
1129 877 1313 947 potius
1371 890 1469 929 usu
1522 875 1822 930 communis
1881 874 2015 928 vitae
2072 881 2126 929 et
2180 873 2480 929 imitatione
2535 890 2648 928 ser-

345 962 533 1015 monis
592 959 889 1033 quotidiani
943 959 1258 1034 provenisse
1311 957 1525 1031 ellipsin
1581 958 1725 1013 illam
1782 958 2035 1015 arbitror.
2093 946 2305 1033 'itaque
2361 957 2647 1013 videndum

346 1062 494 1118 quae
539 1043 611 1099 de
655 1046 986 1099 comicorum
1031 1051 1087 1098 et
1131 1042 1363 1099 Lucretii
1394 1043 1601 1116 placitis
1631 1042 1695 1097 ad
1729 1042 1950 1098 eandem
1982 1060 2094 1097 rem
2127 1042 2496 1115 spectantibus
2542 1042 2649 1097 dis-

344 1145 581 1184 seruere
626 1128 773 1185 docti
828 1146 892 1182 an
939 1145 1002 1183 ex
1049 1135 1202 1201 parte
1253 1129 1360 1182 siut
1416 1128 1769 1184 retractanda.
1857 1129 2132 1183 ducentos
2174 1143 2272 1200 pro
2326 1129 2645 1198 permulliS,

346 1221 416 1268 ut
469 1214 694 1287 saepius
750 1213 892 1286 apud
945 1221 1154 1287 poetas,
1209 1242 1292 1251 —
1350 1217 1516 1267 navis
1571 1212 1896 1285 monosyll.;
1952 1212 2023 1268 cl'.
2069 1212 2120 1266 d.
2168 1229 2210 1267 r.
2257 1229 2326 1267 m.
2375 1211 2517 1267 271.
2570 1242 2646 1253 —-

345 1305 620 1372 quantum
666 1297 731 1352 ad
776 1314 889 1352 rem
934 1297 1002 1352 cs.
1053 1314 1189 1370 quae
1232 1297 1299 1351 de
1343 1296 1574 1370 Cyclope
1618 1296 1758 1351 (licta
1801 1304 1935 1351 sunt
1976 1295 2073 1351 Od.
2105 1295 2257 1367 vnn,
2292 1296 2646 1369 187—-192,

345 1382 419 1438 de
463 1382 663 1438 baculo
709 1382 824 1437 eius
869 1382 940 1438 ib.
989 1380 1341 1438 319—-324,

529 1485 593 1540 2.
670 1485 772 1540 hoc
815 1483 975 1557 frgm.
1021 1484 1148 1539 olim
1195 1483 1333 1538 haud
1379 1483 1543 1557 louge
1574 1502 1601 1537 a
1638 1483 1990 1556 praecedente
2034 1483 2201 1538 fuisse
2242 1480 2481 1557 positum
2512 1483 2648 1538 mul-

344 1579 440 1625 tos
489 1568 655 1624 habet
700 1585 955 1623 numeros
1000 1567 1409 1641 probabilitatis.
1461 1599 1535 1607 -·
1582 1569 1849 1631 Lamias:
1892 1568 1961 1622 cl‘.
2008 1568 2160 1637 XXX,
2195 1569 2304 1635 393
2348 1571 2508 1623 Arist.
2557 1585 2642 1641 eq.

347 1653 512 1721 690;
548 1653 711 1725 Vesp.
751 1653 927 1709 1030.
968 1653 1160 1720 1173;
1193 1651 1412 1708 Prelleri
1446 1653 1673 1725 mythol
1706 1652 1891 1707 Graec.
1921 1652 1963 1723 Ι,
1996 1652 2117 1708 385
2149 1651 2235 1708 ed.
2268 1653 2305 1708 l.
2343 1683 2418 1690 —-
2452 1654 2650 1708 Fauni

345 1740 769 1811 Pompiliiqu65
812 1736 1016 1792 Ennius
1047 1737 1294 1793 versibu’
1324 1754 1468 1809 quos
1508 1740 1637 1793 olim
1668 1738 1896 1792 Faunei
1924 1745 2196 1808 vatesque
2227 1739 2530 1792 canebant.
2567 1768 2646 1778 —

345 1833 412 1881 ut
450 1826 640 1895 pueri
681 1839 729 1877 e.
763 1840 817 1896 q.
851 1840 926 1891 S.;
972 1810 1210 1877 imitatus
1254 1829 1339 1876 est
1381 1821 1663 1878 Lucretius
1709 1822 1770 1893 n,
1802 1820 2050 1878 55--58

614 1968 737 2008 nam
783 1952 949 2007 veluti
989 1953 1143 2025 pueri
1191 1950 1463 2024 trepidant
1508 1959 1671 2023 atque
1717 1952 1891 2005 omnia
1936 1954 2106 2007 caecis

615 2038 670 2093 in
714 2036 954 2092 tenebris
998 2044 1278 2107 metuunt,
1324 2038 1401 2091 sic
1444 2052 1543 2090 nos
1589 2037 1644 2089 in
1691 2035 1809 2090 luce
1856 2037 2102 2091 timemus

614 2116 922 2193 interdum,
968 2120 1081 2176 nilo
1129 2137 1264 2193 quae
1309 2129 1437 2175 sunt
1483 2119 1768 2175 metuenda
1814 2123 1983 2194 magis
2029 2138 2187 2193 quam

615 2223 751 2280 quae
795 2208 951 2279 pueri
994 2209 1045 2260 in
1093 2205 1330 2261 tenebris
1374 2207 1612 2279 pavitant
1658 2202 1981 2278 finguntque
2029 2207 2224 2261 sutura.

526 2345 589 2401 3.
664 2344 751 2399 bic
795 2346 1013 2419 egregia
1058 2353 1112 2399 et
1155 2361 1324 2418 paene
1369 2343 1592 2399 dixerim
1639 2342 1812 2398 divina
1857 2343 2166 2399 coniectura
2198 2362 2328 2400 usus
2360 2344 2647 2400 Lachman-

347 2448 457 2486 nus
518 2424 764 2485 restituit
819 2429 1024 2484 Lucilio
1082 2428 1213 2484 illud
1270 2432 1498 2485 multost
1556 2429 1771 2493 Lucius
1826 2446 1924 2502 pro
1981 2446 2046 2483 eo
2093 2429 2238 2502 quod
2290 2431 2648 2503 ineptissime,

347 2524 540 2590 aperta
593 2523 765 2570 tamen
810 2516 1010 2570 erroris
1066 2514 1278 2588 origiue
1325 2514 1527 2588 legitur
1581 2516 1788 2570 multos
1852 2514 2006 2570 Titos
2049 2516 2276 2571 Lucios.
2367 2515 2461 2570 sed
2506 2514 2646 2573 idem

347 2601 491 2656 male
549 2616 729 2672 neque
798 2600 903 2655 ulla
971 2598 1288 2655 emendandi
1344 2599 1600 2654 facilitate
1669 2607 1760 2654 aut
1816 2597 1914 2654 alia
1985 2598 2365 2672 probabilitate
2433 2600 2646 2655 adiutus

346 2685 574 2759 scripsit
620 2703 753 2740 nam
797 2691 972 2740 sanat
1015 2701 1114 2758 pro
1160 2700 1225 2738 eo
1271 2683 1416 2756 quod
1464 2692 1548 2739 cst
1592 2685 1984 2739 narcessibai:
2029 2684 2155 2757 quid
2202 2686 2343 2739 enim
2387 2683 2483 2740 sibi
2533 2684 2646 2739 vult

347 2786 581 2826 sanare
625 2773 887 2825 senium?
930 2770 1059 2824 mihi
1106 2771 1237 2824 satis
1282 2776 1497 2824 constat
1540 2769 1625 2841 agi
1670 2768 1737 2823 de
1782 2768 2012 2841 quodam
2045 2770 2259 2824 bomine
2305 2769 2538 2824 molesto
2585 2787 2644 2825 ac

348 2856 551 2928 nugaci
600 2854 868 2927 taediique
913 2854 1091 2928 pleno.
1167 2871 1266 2909 nec
1309 2852 1441 2931 illud
1487 2852 1809 2924 obscurum,
1858 2860 2159 2908 monstrum
2202 2856 2497 2910 arcesibai
2535 2871 2644 2926 quo

2381 2962 2419 2989 82

350 3012 424 3064 sit
470 3015 656 3063 ortum
703 3007 881 3063 modo.
968 3023 1160 3080 nempe
1206 3006 1381 3061 suerat
1426 3008 1723 3080 antiquitus
1769 3007 2023 3062 traditum
2069 3007 2200 3063 boc:
2256 3009 2518 3065 arcebat.
2553 3017 2645 3047 ·—-

356 3095 684 3149 Trebellius
725 3094 967 3155 Lucius:
1011 3092 1113 3147 vid.
1163 3108 1298 3165 quae
1330 3094 1630 3147 notavimus
1663 3092 1726 3147 ad
1757 3092 1845 3163 xl,
1879 3092 1985 3148 13:
2038 3093 2357 3150 Trebellius
2395 3092 2487 3148 ille
2525 3094 2644 3166 quis

349 3178 542 3247 fuerit,
590 3194 700 3232 nou
745 3184 976 3233 constat.
1069 3186 1202 3250 puto
1247 3177 1444 3231 malum
1489 3176 1677 3231 Lucilii
1723 3171 2026 3250 temporum
2073 3186 2342 3234 oratorem
2387 3177 2470 3231 vel
2516 3194 2645 3249 poe-

354 3273 491 3326 tam;
540 3261 769 3323 cf.,Cat.
802 3261 907 3332 44,
943 3253 1022 3316 10
1052 3278 1171 3334 sqq.
1216 3290 1295 3299 -—
1341 3261 1462 3315 data
1494 3263 1776 3317 occasione
1808 3278 1995 3317 versus
2026 3263 2289 3335 quosdam
2334 3278 2397 3316 ex
2443 3261 2644 3316 Afranii

349 3347 628 3421 Privigna‚
674 3348 801 3419 qui
810 3349 862 3401 in
909 3348 1155 3419 proximo
1199 3346 1447 3401 lemmate
1491 3346 1770 3419 leguntur,
1826 3363 2011 3401 sanare
2055 3346 2312 3402 conabor.
2400 3345 2470 3400 ibi
2516 3362 2644 3401 con·
2666 3407 2671 3410 ,

349 3434 551 3488 iunctis
597 3431 873 3487 Leidensis
917 3430 1139 3487 secundi
1185 3442 1241 3486 et
1285 3431 1694 3504 Bambergensis
1747 3448 1868 3487 cum
1915 3429 2300 3487 Guelferbitani
2346 3439 2402 3485 et
2446 3430 2643 3503 prioris

349 3516 635 3572 Leidensis
680 3501 1002 3571 testimoniis
1046 3514 1187 3587 (nam
1231 3516 1307 3570 illi
1354 3514 1548 3571 babent
1580 3520 1803 3571 interea
1851 3517 2057 3586 verbis,
2104 3516 2156 3570 hi
2187 3519 2411 3572 interea
2444 3512 2640 3589 verba)

349 3600 625 3657 rescribo·
1239 3639 1242 3642 -

524 3688 732 3743 interea
777 3685 949 3741 verbis
996 3684 1152 3741 verba
1198 3685 1395 3742 lactare
1455 3681 1522 3761 (v.
1568 3684 1818 3756 iactare)
1873 3693 1926 3740 et
1984 3684 2149 3740 labris
2193 3686 2393 3741 interse
2438 3686 2642 3741 velitari

350 3771 654 3828 vellicarier
696 3769 789 3842 (ita
834 3778 980 3827 recte
1024 3770 1201 3826 editor
1244 3767 1587 3844 Basiliensis).

523 3855 584 3911 4.
655 3858 777 3927 dei,
831 3872 955 3911 cave
1000 3856 1187 3910 credas
1232 3872 1353 3910 esse
1396 3856 1685 3928 synizesin.
1749 3885 1823 3894 —
1883 3859 2032 3912 male
2078 3863 2163 3927 le,
2215 3855 2640 3911 subaudiendum

346 3942 623 4013 perdant.
677 3970 750 3979 —
798 3945 1038 4012 senium,
1082 3940 1153 3995 cs.
1200 3940 1336 3996 Nou.
1389 3942 1419 3995 1
1452 3958 1535 4013 sq.

528 4025 586 4082 5.
663 4042 854 4080 sensus
901 4026 1015 4080 hic:
1074 4042 1271 4098 equum
1317 4027 1408 4097 qui
1457 4026 1652 4096 talem,
1709 4025 1921 4098 qualem
1967 4026 2130 4086 modo
2175 4025 2470 4099 descripsi,
2528 4041 2637 4080 uuo

353 4119 528 4183 utque
572 4110 708 4165 adeo
749 4109 964 4166 duobus
995 4127 1249 4184 passuum
1295 4109 1510 4165 milibus
1542 4112 1666 4165 vicit
1696 4111 1994 4184 Campanus
2026 4112 2207 4167 nullus
2254 4110 2456 4182 poterit
2485 4111 2640 4181 sequi

354 4197 578 4269 sonipes
624 4196 824 4252 maiore
868 4196 980 4251 viae
1023 4197 1231 4269 spati03
1288 4211 1350 4250 ac
1395 4194 1639 4249 diversus
1684 4197 1719 4251 i.
1766 4212 1814 4250 e.
1864 4197 2078 4250 minime
2135 4211 2317 4250 comes
2374 4194 2452 4247 illi
2498 4194 2641 4248 vide-

351 4279 507 4335 bitur
550 4280 648 4338 ire.
691 4311 774 4321 ——
819 4297 894 4335 ac
935 4297 1035 4354 pro
1080 4287 1254 4353 utque
1298 4281 1461 4336 adeo.

533 4365 589 4422 6.
645 4369 867 4422 truleus
893 4365 1014 4422 cdd.
1023 4364 1231 4439 ,idque
1260 4366 1485 4435 retinui3
1530 4366 1695 4439 vulgo
1729 4366 1989 4421 trulleuS.
2052 4366 2298 4421 truleum
2324 4362 2641 4439 agnoscitur
