3267 5075
1323 386 1539 440 LIBER
1573 387 1668 441 111.
1829 393 1842 400 ⁷
2565 388 2642 450 17
2718 376 2726 384 ’

1131 545 1442 612 XXXVII
1491 549 1629 630 [35]
1663 571 1759 613 00.

382 661 477 727 50
524 699 611 708 ——
661 665 726 726 et
769 664 1034 745 pulvino
1082 663 1283 728 fultus
1343 713 1713 734 „„„„„„„

1173 778 1516 889 xxxvm
1563 779 1705 860 [29]
1733 802 1822 864 pp

519 895 793 959 vertitur
839 896 1225 980 oenophoris
1271 895 1528 980 fundUS‚
1574 895 1897 959 sententia
1941 896 2147 960 nobis

804 984 810 991 ’
1199 1009 1476 1074 XXXIX
1523 1012 1665 1092 [31]
1697 1033 1782 1096 qq

519 1170 616 1192 ,υ
640 1170 678 1188 υ
732 1126 993 1191 exhalas
1039 1130 1175 1191 tam
1223 1127 1438 1192 acidos
1485 1148 1562 1191 ex
1607 1129 1865 1210 pectore
1910 1130 2147 1192 ructus,

1209 1240 1324 1306 XL
1373 1243 1522 1323 [inc.
1569 1243 1684 1323 37]
1714 1242 1792 1307 r*

522 1360 590 1421 et
631 1358 902 1442 pedibus
939 1358 1133 1423 laeva
1179 1356 1477 1443 Sicyonia
1523 1359 1724 1422 demit
1767 1359 2057 1424 honesta.

1171 1472 1319 1538 XLI
1367 1474 1514 1555 [inc.
1562 1474 1674 1555 27]
1708 1474 1817 1538 ss*

517 1647 554 1660 ..
579 1637 1335 1660 „„„„„„„„„„„„„„
1379 1590 1618 1655 lectum

383 1704 474 1768 55
519 1705 838 1788 perminxi
883 1706 1267 1790 inposuique
1311 1706 1676 1789 pudendam
1721 1706 1978 1790 pellibu’
2024 1707 2255 1773 labem.

1263 1820 1443 1885 XLII
1490 1822 1629 1903 [19]
1661 1825 1721 1886 tt

525 1958 559 1999 e
607 1958 837 2001 somno
883 1959 1116 2021 pueros
1165 1960 1310 2002 cum
1356 1959 1546 2002 mane
1594 1938 1942 2023 expergitu'
1991 1939 2214 2004 clamo,

473 2139 740 2191 XXXVII
798 2141 1043 2193 Leidens.
1078 2143 1145 2193 80
1170 2143 1349 2193 Servii
1380 2142 1447 2192 ad
1474 2143 1577 2197 ecl.
1605 2146 1653 2205 6,
1678 2146 1743 2194 53
1777 2137 1896 2193 ille
1930 2144 2115 2195 latus
2151 2145 2418 2193 niveum
2452 2144 2642 2194 molli

329 2208 555 2258 fultus
600 2209 988 2273 hyacintho:
1045 2210 1188 2274 apud
1222 2215 1442 2261 veteres
1489 2213 1861 2276 unusquisque
1912 2228 1976 2263 eo
2023 2228 2191 2277 super
2232 2212 2372 2277 quod
2408 2212 2641 2263 iacebat

332 2276 510 2327 fultus
547 2276 844 2328 dicebatur.
912 2278 1224 2328 Lucilius
1259 2279 1315 2328 in
1352 2279 1528 2328 tertio.
1691 2279 1983 2330 XXXVIII
2042 2281 2178 2331 Non.
2218 2283 2341 2341 173,
2381 2281 2446 2329 14
2490 2296 2640 2331 sen-

332 2346 568 2394 tentia
605 2346 961 2396 sensibilitas.
1027 2347 1315 2396 Lucretius
1345 2373 1408 2382 —
1437 2346 1746 2397 Lucilius
1784 2354 2091 2411 satyrarum
2125 2348 2221 2398 lib.
2263 2348 2361 2398 ΙΙΙ.
2398 2375 2464 2382 -
2501 2346 2641 2399 Con-

332 2413 549 2463 sentius
586 2414 719 2463 2026
754 2420 1042 2479 postquam
1080 2414 1145 2464 de
1182 2429 1386 2479 genere
1422 2415 1579 2464 verbi
1616 2415 1760 2479 quod
1797 2421 1883 2466 est
1928 2416 2125 2482 vulgus
2161 2416 2299 2480 egit:
2347 2414 2519 2465 simile
2554 2422 2640 2466 est

332 2479 604 2532 fundus.
677 2481 989 2531 Lucilius
1033 2481 1188 2533 dixit.
1231 2509 1296 2517 —
1343 2481 1474 2532 Isid.
1511 2482 1556 2546 1,
1595 2486 1678 2545 35,
1715 2486 1746 2534 3
1792 2497 2019 2548 zeugma
2064 2489 2150 2536 est
2197 2483 2474 2548 clausula,
2519 2499 2640 2533 cum

336 2548 527 2615 plures
566 2564 754 2600 sensus
791 2566 900 2602 uno
935 2551 1098 2602 verbo
1132 2550 1459 2611 clauduntur
1494 2578 1558 2586 —
1596 2554 1655 2601 in
1692 2552 1859 2617 primo
1897 2558 1974 2606 ut.
2044 2552 2117 2607 id.
2154 2551 2273 2615 XX,
2298 2554 2347 2613 6,
2379 2555 2402 2601 1
2444 2567 2640 2604 oeno-

331 2618 613 2683 phorum
644 2618 962 2669 vas-erens
996 2619 1180 2669 vinum
1219 2646 1281 2656 —
1318 2618 1384 2668 de
1423 2633 1526 2684 quo
1550 2625 1647 2670 ‘est
1681 2618 1832 2670 illud.
1867 2647 1937 2657 -
1970 2635 2036 2670 ex
2061 2620 2272 2670 Isidoro
2300 2620 2475 2684 petita
2510 2626 2638 2670 sunt

331 2701 478 2752 quae
517 2685 686 2736 habet
721 2686 891 2739 schol.
927 2687 1074 2741 Pers.
1111 2691 1160 2749 5,
1197 2689 1295 2738 140
1329 2691 1384 2736 et
1421 2688 1783 2752 oenophorum
1823 2692 2011 2753 aptas:
2050 2705 2096 2738 o.
2135 2704 2188 2738 v.
2225 2703 2276 2738 v,
2316 2688 2354 2738 f.
2391 2715 2458 2723 —
2496 2688 2546 2737 d.
2586 2705 2639 2754 q.

333 2770 381 2802 e.
417 2753 455 2803 i.
595 2753 830 2803 XXXIX
894 2754 1031 2806 Non.
1073 2756 1186 2817 164,
1220 2757 1288 2805 30
1341 2760 1585 2805 ructus·
1628 2773 1662 2804 a
1708 2755 1970 2806 ructando
2017 2756 2210 2806 dictus.
2289 2755 2523 2805 Plautus
2572 2784 2639 2791 —

294 2820 649 2872 'Lucilius
699 2826 1004 2885 satyrarum
1049 2822 1141 2872 lib.
1178 2823 1277 2875 111.
1383 2822 1480 2870 XL
1539 2822 1747 2873 Paulus
1794 2826 1891 2874 337
1940 2824 2262 2889 Sicyonia
2311 2837 2487 2887 genus
2525 2823 2634 2874 cal-

332 2889 617 2939 ciamenti.
676 2889 989 2940 Lucilius
1026 2890 1080 2953 (l.
1118 2892 1201 2941 111
1237 2895 1306 2944 tr.
1343 2888 1440 2954 M).
1544 2890 1674 2941 XLI
1734 2892 1933 2956 Porph.
1970 2891 2040 2941 ad
2081 2893 2207 2941 Hor.
2247 2898 2355 2941 sat.
2399 2892 2444 2955 Ι,
2483 2892 2531 2953 6,
2570 2893 2633 2941 22

331 2957 437 3006 hoc
472 2956 682 3006 scilicet
726 2956 851 3007 inde
898 2961 1170 3023 sumptum
1214 2962 1323 3020 est,
1371 2959 1513 3023 quod
1563 2964 1779 3009 veteres
1839 2963 1949 3023 (qu
1967 2959 2043 3010 od
2088 2960 2410 3009 ductores
2448 2957 2525 3023 v.)
2580 2959 2636 3008 in

330 3024 566 3089 pellibus
627 3024 949 3088 dormirent,
1011 3026 1168 3077 cuius
1232 3026 1308 3075 rei
1366 3034 1419 3075 et
1480 3025 1790 3077 Lucilius
1852 3029 2010 3078 testis
2063 3034 2151 3077 est
2210 3025 2269 3090 (l.
2322 3026 2407 3075 111
2459 3025 2634 3078 adscr.

327 3092 566 3142 Franck.
603 3094 677 3156 11,
718 3092 824 3158 38).
995 3094 1153 3145 XLII
1212 3094 1386 3144 Diom.
1426 3096 1525 3143 372
1561 3095 1659 3144 sed
1703 3096 2103 3159 expergitus
2144 3094 2374 3158 dicitur,
2424 3094 2515 3159 qui
2553 3110 2637 3144 sa-

331 3161 507 3211 tiatus
554 3176 743 3211 somno
798 3166 994 3226 sponte
1050 3158 1300 3226 evigssat,
1357 3161 1494 3212 unde
1550 3167 1608 3212 et
1653 3162 1966 3213 Lucilius
2023 3162 2103 3212 ait
2161 3160 2307 3228 [ego]
2368 3177 2397 3211 e
2444 3178 2633 3213 somno

327 3243 375 3281 e.
417 3246 469 3293 q.
509 3243 552 3278 s.
589 3256 656 3264 —
689 3229 1007 3280 Priscianus
1042 3231 1143 3280 888
1180 3230 1428 3295 quamvis
1464 3231 1827 3281 vetustissimi
1860 3232 2025 3281 etiam
2060 3230 2442 3296 expergitus
2480 3230 2625 3280 dice-

496 3462 578 3518 51
625 3419 957 3537 oenophoris
1002 3463 1194 3520 Paris.
1244 3470 1298 3520 et
1343 3463 1498 3520 Mon.
1532 3464 1614 3520 Is.
1649 3462 1699 3533 I,
1734 3462 1814 3520 35
1861 3471 1916 3521 el
1960 3469 2023 3520 ut
2062 3464 2288 3520 videtur
2318 3462 2627 3537 Sanqerm.

319 3545 460 3617 XX,
497 3546 533 3604 6
583 3542 660 3617 (in
708 3547 900 3620 Guelf.
932 3549 1057 3604 dest
1098 3550 1209 3605 lzoc
1254 3547 1485 3622 caput);
1532 3548 1811 3605 oenoforis
1860 3549 2042 3611 Non.;
2087 3546 2300 3604 enofori
2346 3548 2501 3604 Mon.
2540 3539 2663 3604 Is.‘

202 3648 221 3668 0
320 3632 460 3699 XX,
496 3631 556 3702 6,
601 3632 839 3688 cnossori
897 3631 1021 3707 (secl
1072 3634 1099 3688 s
1146 3634 1302 3690 linea
1359 3636 1594 3690 inducta
1653 3631 1916 3706 deletum)
1979 3632 2201 3707 Guelfi,
2268 3632 2480 3689 enofori
2539 3636 2633 3690 vel

320 3716 571 3772 oenofori
629 3719 768 3774 libri
827 3716 1087 3775 Consenl.
1142 3748 1228 3775 x—
1281 3722 1340 3775 in
1386 3720 1578 3775 Persii
1632 3720 1864 3776 scholiis
1914 3719 2116 3792 fertur
2177 3719 2407 3775 vertitur
2466 3735 2631 3774 oeno-

320 3801 513 3874 phori;
582 3806 880 3875 sequentia
939 3805 1116 3860 verba
1182 3806 1262 3860 ibi
1319 3808 1528 3876 primis
1578 3808 1792 3862 litteris
1857 3805 2116 3861 indicata
2131 3827 2149 3868 ,·
2216 3811 2393 3860 iocum
2462 3804 2626 3860 sclzo·

317 3889 438 3941 lion
501 3889 701 3943 omittit
756 3887 1142 3945 Monacensis.
1328 3888 1406 3946 52
1468 3898 1574 3946 tam
1606 3890 1725 3962 ·M‚
1782 3898 1894 3947 tum
1953 3889 2082 3945 cdd.
2148 3918 2231 3928 —
2298 3887 2513 3943 accidos
2563 3888 2627 3944 G.

496 3969 579 4026 53
625 3970 738 4026 leva
783 3972 829 4026 L
876 3972 1015 4030 116.
1062 4003 1146 4014 —-
1190 3976 1266 4030 id.
1312 3969 1619 4047 Sicirjnonia.
1811 3972 1891 4030 54
1953 3973 2151 4029 lectum
2210 3973 2471 4046 perminxi
2531 3972 2631 4027 im-

318 4055 596 4128 posuique
639 4055 943 4128 pudendam
988 4058 1110 4130 Dp,
1168 4075 1268 4132 per
1311 4058 1440 4113 mihi
1487 4058 1685 4114 lectum
1730 4059 1949 4132 inposui
1995 4057 2185 4131 pedem
2232 4058 2359 4114 cdd.
2531 4055 2627 4136 ‘56

318 4155 429 4212 ego
477 4141 634 4212 quod
686 4156 716 4196 e
765 4145 1034 4213 proximo
1091 4159 1185 4199 eso
1231 4150 1444 4212 orium,
1505 4147 1672 4199 uncis
1727 4145 1959 4199 inclusit
2017 4143 2275 4215 Remus,
2335 4159 2441 4198 om.
2500 4142 2626 4197 cdd.

318 4225 653 4287 Prisciani,·
697 4241 831 4300 ergo
878 4244 928 4283 v,
977 4244 1074 4300 ap.
1108 4228 1288 4285 Diom.
1341 4257 1414 4267 —
1464 4244 1633 4284 esono
1681 4227 2001 4298 Halbersc.‚
2052 4243 2283 4301 sompno
2330 4226 2512 4299 Luyd.
2545 4257 2627 4265 —-

317 4317 552 4382 putet-os
585 4309 728 4366 Par.
761 4310 955 4382 74343
1001 4329 1173 4386 puero
1208 4312 1396 4376 Mon.;
1439 4314 1584 4370 idem
1629 4314 1734 4369 cui.
1788 4342 1861 4352 —
1910 4313 2223 4386 expergitos
2271 4328 2350 4368 ex
2380 4327 2446 4367 eo
2477 4313 2631 4383 quod

316 4398 408 4447 est.
455 4395 771 4467 expergitus
815 4403 877 4452 ut
920 4400 1028 4454 vid.
1080 4397 1326 4455 Carolir.
1377 4428 1447 4440 —-
1501 4397 1695 4454 clamas
1741 4397 1934 4454 Prisc.

433 4489 484 4528 G.
514 4489 667 4529 Lucili
695 4494 832 4533 satur.
860 4494 938 4533 rel.
2165 4499 2195 4545 ‘2
