3267 5075
643 354 771 420 156
1392 356 1492 410 EX
1527 355 1762 410 LIBRIS
1800 354 2159 411 INCERTIS.

1540 517 1874 584 cxxxm
1918 520 2014 600 [7]

816 657 943 719 quo
987 634 1253 700 facetior
1300 635 1551 700 videare
1597 637 1663 698 et
1708 635 1869 700 scire
1914 635 2058 718 plus
2106 657 2299 719 quam
2345 636 2568 719 ceteri,

815 750 1124 834 pertisum
1161 750 1515 834 hominum,
1558 772 1693 814 non
1727 754 2091 834 pertaesum
2128 750 2317 814 dices·
2337 771 2672 815 erumnam
2706 772 2930 835 genus.

1496 863 1825 930 CXXXIV
1871 867 2056 947 [176]

815 979 983 1045 Fest.
1022 981 1153 1045 294
1198 978 1306 1067 (cf.
1343 980 1492 1045 Isid.
1529 979 1738 1065 XVII,
1778 982 1835 1065 7,
1863 979 2012 1066 27).
2060 981 2372 1062 [suberies
2412 981 2661 1046 arboris
2697 984 2930 1066 genus]

639 1118 714 1160 ex
760 1119 888 1181 qua
931 1099 1148 1162 cortex
1194 1096 1577 1206 [natatorius
1625 1095 2027 1178 detrahitur}
2116 1095 2462 1162 Lucilius
2510 1147 2828 1162 ........
2878 1098 2935 1161 ti

640 1211 1111 1293 hibernacussiJ.

1534 1298 1832 1365 CXXXV
1879 1301 2019 1382 [70]

647 1417 772 1480 170
815 1432 1022 1499 neque
1067 1415 1320 1498 prodire
1365 1415 1435 1479 in
1481 1416 1702 1499 altum,
1747 1416 2048 1500 proeliari
2091 1415 2160 1481 hi
2207 1417 2327 1481 sub
2373 1417 2531 1481 vitei
2576 1418 2808 1501 procul.

1499 1528 1829 1596 CXXXVI
1874 1533 2060 1613 [116]

816 1646 1015 1710 timeo
1061 1648 1135 1711 ut
1179 1646 1557 1711 memoriam
1601 1647 1880 1712 retineas
1944 1697 2350 1717 .......

1511 1759 1875 1827 CXXXVII
1919 1763 2060 1844 [71]

823 1878 992 1962 quod
1028 1876 1187 1942 mihi
1224 1877 1627 1942 commodum
1666 1881 1820 1962 erat,
1865 1881 1939 1942 ut
1982 1878 2111 1942 uda
2153 1879 2540 1944 vestimenta
2576 1900 2939 1963 posueram.

1495 1991 1890 2058 CXXXVIII
1936 1994 2077 2075 [74]

821 2109 979 2194 quin
1025 2109 1420 2194 amplexetur
1465 2109 1574 2192 qui
1618 2110 1773 2193 volt,
1819 2130 1938 2194 ego
1985 2132 2118 2174 non
2156 2110 2366 2174 sinam
2401 2131 2505 2174 me
2547 2108 2938 2193 amplectier.
3008 2122 3015 2127 “

1490 2205 1832 2288 ‘CXXXIX
1878 2225 2063 2306 [167]
2586 2312 2599 2326 ο

819 2339 982 2405 Plin.
1027 2341 1158 2404 nat.
1202 2339 1352 2403 hist.
1396 2337 1572 2422 VIII,
1610 2340 1695 2404 48
1745 2339 1860 2424 (74
1904 2340 1998 2405 ed.
2036 2338 2233 2426 Bip.):
2281 2342 2541 2407 crebrae
2586 2362 2938 2425 papavera-

643 2459 751 2521 tae
805 2453 1401 2543 (papaveraetae
1456 2455 1737 2539 optimus
1792 2456 1954 2520 liber
2010 2452 2308 2521 Salmasii
2362 2479 2562 2522 exerc.
2618 2477 2725 2543 pg.
2785 2457 2940 2542 793,

641 2670 769 2722 lius.
807 2696 869 2707 —
905 2669 1214 2720 Lucilius
1250 2669 1344 2720 lib.
1379 2668 1617 2719 XXVIII
1653 2696 1718 2704 —
1754 2669 1933 2719 idem.
2040 2668 2326 2720 CXXXIII
2386 2665 2721 2722 Festus'273
2755 2670 2940 2720 reder-

644 2739 851 2802 guisse‚
888 2752 982 2803 per
1017 2754 1046 2789 e
1082 2737 1346 2798 litteram,
1396 2736 1580 2802 Scipio
1615 2736 1902 2787 Africanus
1939 2737 2118 2787 Paulli
2161 2736 2304 2788 filiu's
2351 2737 2551 2788 dicitur
2596 2738 2940 2797 enuntiasse,

644 2812 707 2857 ut
740 2805 882 2855 idem
916 2805 1080 2855 etiam
1114 2805 1463 2869 pertisum,
1500 2805 1657 2854 cuius
1692 2805 1932 2854 meminit
1966 2804 2271 2856 Lucilius
2312 2821 2433 2856 cum
2467 2807 2565 2856 ait.
2681 2805 2943 2855 CXXXV

644 2874 850 2924 Paulus
888 2876 982 2924 311
1041 2874 1161 2923 sub
1199 2873 1366 2922 vitei
1419 2871 1650 2931 (vitem
1685 2872 1911 2934 Paulus)
1958 2873 2213 2937 proeliari
2269 2873 2692 2938 (praedicare
2727 2873 2771 2921 L
2811 2875 2940 2935 116)

642 2941 896 2991 dicuntur
929 2939 1145 3000 milites,
1182 2956 1303 2991 cum
1340 2939 1440 2991 sub
1476 2941 1638 2990 vinea
1662 2940 1885 2990 militari
1911 2945 2179 3003 pugnant.
2233 2940 2498 2991 Lucilius.
2533 2967 2599 2976 —
2633 2940 2749 2991 ead.
2782 2940 2939 2992 Fest.

644 3011 760 3068 310,
801 3008 897 3059 sed
929 3012 992 3057 ut
1026 3008 1157 3057 haec
1192 3013 1409 3059 tantum
1439 3012 1786 3071 compareant
1809 3034 1874 3043 —
1901 3007 1946 3057 ri
1983 3008 2238 3058 dicuntur
2266 3035 2324 3043 —
2353 3008 2579 3059 militari
2603 3022 2715 3073 pug
2739 3040 2801 3049 —
2826 3024 2943 3074 que

644 3075 857 3142 prodire
898 3103 954 3110 —
995 3075 1052 3125 ul
1088 3075 1188 3126 sub
1225 3076 1350 3125 vite.
1457 3074 1737 3126 CXXXVI
1789 3076 1929 3126 Don.
1964 3075 2033 3124 ad
2071 3077 2196 3126 Ter.
2235 3075 2398 3125 Andr.
2437 3076 2502 3135 V,
2535 3078 2588 3137 4,
2620 3078 2680 3125 11
2716 3079 2939 3126 metuo

645 3150 718 3195 ut
751 3144 1017 3195 substet
1051 3143 1326 3208 hospes=
1373 3147 1469 3204 ut,
1518 3157 1584 3192 ne
1619 3158 1747 3193 non.
1816 3142 2144 3193 Lucilius.
2320 3143 2633 3193 CXXXVII
2689 3143 2828 3192 Don.
2868 3145 2942 3194 ad

644 3214 856 3263 Phorm.
892 3212 1021 3273 1111,
1059 3215 1106 3273 3,
1143 3213 1174 3261 9
1227 3211 1290 3260 id
1346 3226 1486 3260 cum
1535 3209 1660 3259 hoc
1712 3211 1985 3272 agebam
2029 3210 2449 3261 commodum:
2506 3210 2938 3275 commodum,

646 3286 860 3331 tantum
896 3279 1055 3344 quod.
1124 3277 1454 3330 Lucilius,
1557 3277 1892 3335 CXXXVIII
1950 3278 2266 3329 Priscianus
2305 3280 2400 3328 791
2439 3275 2752 3329 Lucilius
2790 3279 2862 3340 (L
2879 3296 2939 3328 u·

645 3349 791 3400 cius
818 3346 1070 3412 Carolir.)
1096 3375 1152 3384 —
1187 3346 1605 3412 amplexetur
1642 3345 2100 3412 (amplectetur
2127 3346 2301 3410 Lugd.
2327 3345 2576 3409 Carolir.,
2611 3362 2717 3396 om.
2744 3344 2940 3412 Sang.)

820 3545 938 3601 169
983 3546 1261 3601 hominum
1305 3544 1398 3616 M,
1454 3544 1725 3599 hominem
1779 3545 1865 3600 cd.
1930 3572 2016 3585 -
2077 3542 2224 3599 dices
2280 3559 2552 3599 erumnam
2599 3542 2697 3614 M,
2752 3543 2940 3601 dicere

647 3681 823 3737 serum
865 3697 987 3735 uam
1033 3683 1120 3736 cd.
1167 3675 1390 3752 (fuerat
1434 3683 1750 3753 antiquitus
1794 3636 1972 3736 dicer‘e
2016 3676 2344 3748 erumnam);
2401 3678 2581 3734 dicere
2625 3695 2939 3735 aerumnam

647 3772 731 3819 est
776 3781 914 3836 opus
959 3765 1154 3819 Lckm.
1374 3765 1495 3822 170
1549 3763 1807 3837 proeliari
1865 3764 1918 3818 hi
1971 3761 2071 3818 snb
2128 3763 2253 3817 vitei
2301 3762 2489 3835 procul
2536 3763 2630 3835 M,
2675 3765 2937 3837 proeliari

647 3847 840 3922 procul
893 3846 996 3902 sub
1051 3849 1157 3903 vite
1217 3845 1348 3922 (vite
1403 3849 1451 3905 L
1499 3848 1641 3919 116)
1694 3849 1917 3905 Paulus
1970 3854 2023 3903 et
2077 3851 2157 3902 ica
2215 3848 2377 3902 haud
2430 3849 2601 3904 dubie
2656 3851 2790 3904 olim
2848 3851 2936 3905 cd.

649 3934 827 3990 Festi.
1005 3931 1119 3987 171
1171 3933 1335 3988 timeo
1382 3932 1483 4003 (al.
1532 3931 1738 4004 metuo)
1782 3933 1862 3997 M,
1909 3939 1970 3988 tu
2014 3934 2114 3987 iam
2161 3934 2246 3986 ed.
2289 3935 2505 4003 princ„
2552 3933 2739 4002 Rom.,
2792 3941 2939 3989 tuam

649 4019 839 4075 Paris.
886 4024 939 4073 et
987 4018 1156 4079 Ven.,·
1202 4024 1350 4071 tuum
1396 4033 1740 4088 expressum
1785 4025 1869 4074 est
1915 4035 2010 4088 ap.
2054 4017 2361 4072 Lindenbr.
2411 4047 2488 4057 —-
2536 4024 2592 4073 et
2622 4021 2939 4073 memoriam

649 4112 710 4160 ut
754 4101 1021 4159 retinebas
1063 4104 1277 4172 princ„
1324 4101 1486 4157 Rom.
1653 4101 1770 4158 172
1817 4110 1931 4158 erat
1978 4110 2038 4157 ut
2081 4101 2192 4172 Dp,
2242 4108 2326 4156 est
2370 4109 2464 4157 aut
2509 4120 2558 4158 v.
2614 4131 2686 4141 —
2738 4120 2941 4175 posue-

650 4205 757 4244 ram
805 4188 899 4259 M,
958 4202 1305 4261 reposueram
1352 4187 1439 4241 ed.
1477 4203 1595 4257 pr..
1646 4188 1805 4243 Rom.
1822 4230 1839 4258 ,
1903 4188 2035 4244 Ven.
2257 4185 2377 4242 173
2435 4186 2528 4260 qui
2573 4187 2718 4242 Par.
2770 4186 2937 4244 7496

649 4293 718 4329 m.
757 4274 807 4329 1.
859 4304 933 4312 —
981 4271 1333 4345 amplectetur
1364 4271 1562 4344 Luqd„
1602 4269 1818 4344 Carol„
1865 4271 2040 4345 Sanq.
2090 4301 2165 4312 -
2213 4270 2327 4326 volt
2357 4270 2424 4327 M
2449 4269 2596 4364 419,
2640 4271 2775 4327 velit
2810 4274 2936 4328 cdd.

651 4388 726 4399 --
776 4358 868 4431 qui
901 4387 980 4397 -
1011 4355 1320 4431 amplectier
1363 4374 1465 4413 om.
1515 4354 1693 4434 Sany.
