3267 5075
828 297 1356 394 QUAESTIONUM
1393 326 1953 413 LUCILIANARUM
1988 316 2220 382 LIBER.
2392 332 2676 392 XXXVII

558 496 1208 557 Rottendorfianus
1248 516 1399 556 saec.
1430 496 1561 555 XII.

555 603 931 663 Parisinus
971 595 1133 663 saec(
1151 604 1313 664 XIII.

556 711 951 770 Vaticanus
989 729 1140 771 saec.
1168 711 1342 788 XIII3

371 820 435 878 in
465 819 738 894 reliqu-is:

554 925 944 984 Bernensis
973 944 1124 985 saec.
1152 926 1285 998 XII,
1315 925 1418 1001 qui
1446 924 1646 983 deficit
1671 924 1734 982 in
1760 925 1914 983 med.
1944 925 2219 985 v01.·X11.

554 1032 1061 1108 Lugdunensis
1091 1024 1537 1113 (Vossvmaior)
1568 1050 1718 1091 saec.
1748 1030 1912 1089 XIII.

554 1139 823 1216 Regius
853 1157 1003 1198 saec.
1031 1139 1196 1197 XIII.

553 1246 947 1305 Vaticanus
974 1238 1109 1326 (qui
1129 1245 1270 1306 olim
1289 1245 1408 1304 fuit
1428 1236 1797 1330 Christinae)
1828 1263 1978 1303 saec.
2009 1245 2077 1304 X.
2107 1245 2284 1304 huius
2313 1246 2457 1304 nota
2483 1248 2577 1304 est
2604 1244 2674 1305 O.

555 1353 954 1412 Vossianus
993 1352 1222 1412 minor
1259 1370 1408 1411 saec.
1437 1352 1508 1411 X.

552 1459 991 1520 Petavianus
1030 1477 1179 1519 saec.
1208 1458 1310 1517 XI.

552 1565 1262 1642 Magliabecchianus
1303 1584 1451 1625 saec.
1481 1564 1607 1624 XV.

551 1674 624 1731 In
650 1673 915 1732 Isidori
941 1672 1111 1731 libris
1131 1675 1370 1748 praesto
1398 1672 1516 1731 fuit
1533 1672 1704 1731 nobis
1725 1672 1986 1732 varietas
2005 1672 2273 1732 lectionis
2295 1691 2366 1736 ex
2386 1676 2664 1749 quattuol

368 1781 674 1841 codicibus
722 1782 1016 1855 excerpta,
1066 1798 1244 1855 quam
1291 1779 1699 1855 suppeditavit
1747 1780 2037 1855 Iosephi
2082 1779 2352 1838 Kleinii
2406 1780 2671 1841 comitas,

369 1889 543 1946 fuere
572 1888 775 1945 autem
803 1886 892 1945 hi:

552 1992 1175 2066 Guelferbitanus,
1206 1992 1349 2052 olim
1376 1992 1955 2070 wissemburgensis
1986 2012 2135 2052 saec.
2165 1947 2339 2070 VIII3

550 2099 997 2160 Monacensis
1027 2118 1177 2159 saec.
1204 2098 1410 2177 VIIII;

549 2207 926 2266 Parisinus
961 2208 1127 2265 7582
1160 2225 1308 2265 saec.
1330 2207 1383 2264 X
1410 2207 1672 2266 ineuntis
1702 2198 1994 2287 (continet
2017 2207 2319 2268 volumina
2339 2206 2392 2265 X
2410 2179 2666 2286 priora)';

550 2314 1191 2391 Sangermanensis
1222 2332 1371 2372 saec.
1402 2313 1583 2371 VIIH
1611 2306 1847 2395 (insunt
1872 2314 2013 2373 libri
2039 2313 2096 2371 V
2121 2304 2388 2393 ultimi).

548 2421 621 2480 In
657 2421 864 2480 Velio
902 2420 1144 2496 Longo
1183 2420 1429 2481 adfuere
1456 2421 1626 2480 nobis
1655 2421 2095 2492 lectionescod.
2125 2420 2278 2481 Vat.
2313 2421 2484 2480 3402
2515 2439 2666 2480 saec.
2720 2499 2728 2508 .

366 2528 511 2587 XVI
538 2531 648 2588 aut
673 2527 829 2588 circa
854 2527 1036 2587 finem
1063 2518 1175 2586 XV
1202 2527 1424 2605 scripti,
1462 2547 1641 2604 quem
1668 2528 1744 2587 ad
1770 2528 2040 2589 Putschii
2076 2527 2380 2605 exemplar
2416 2527 2671 2588 contulit

367 2635 750 2695 Brunnius.
819 2636 1117 2695 consentit
1158 2628 1394 2696 omnino
1437 2654 1572 2695 cum
1614 2636 1726 2695 hoc
1767 2636 1923 2695 alter
1964 2636 2230 2695 eiusdem
2271 2635 2667 2696 bibliothecae

365 2743 534 2816 liber,
565 2761 814 2802 numero
852 2744 1023 2801 5216
1062 2742 1401 2819 insignituS,
1441 2743 1608 2802 cuius
1637 2743 1859 2819 primas
1896 2746 2100 2819 partes
2140 2761 2416 2803 excussas
2453 2743 2668 2801 habuit

367 2850 617 2923 Keilius,
654 2848 758 2925 qui
793 2849 1082 2926 quidquid
1119 2867 1191 2908 ex
1218 2848 1390 2910 Velio
1429 2850 1504 2909 ad
1540 2869 1669 2909 rem
1705 2852 1973 2910 nostram
2001 2850 2331 2927 pertineret
2356 2849 2665 2909 nobiscum

363 2955 842 3017 communicavit.
888 2960 1154 3016 ceterum
1181 2957 1448 3016 subsidia
1473 2957 1595 3031 illa,
1623 2975 1987 3033 quamquam
2016 2976 2087 3015 ex
2114 2957 2463 3015 membrana
2489 2956 2666 3016 Bobi-

366 3064 495 3123 ensi
531 3063 676 3123 olim
711 3058 947 3140 perdita
992 3066 1133 3123 sunt
1170 3064 1362 3138 ducta,
1410 3082 1591 3140 quam
1628 3064 1750 3124 sint
1787 3064 2036 3141 exiguae
2072 3062 2354 3122 utilitatis
2396 3063 2471 3122 ad
2508 3062 2666 3122 Velii

364 3172 638 3230 libellum
668 3171 1105 3231 emendandum
1133 3174 1342 3232 notum
1369 3170 1689 3247 plerisque.
2069 3236 2072 3243 Α

543 3277 635 3336 De
663 3277 931 3338 adhibito
960 3297 996 3336 a
1022 3278 1227 3338 Dousa
1254 3275 1509 3337 Charisii
1536 3277 1735 3338 codice
1763 3255 2201 3350 Coloniensi,
2231 3275 2474 3335 minime
2502 3296 2664 3353 sper-

362 3385 559 3445 nendo
596 3385 718 3457 illo,
759 3404 893 3443 cum
930 3404 1074 3444 cura
1108 3384 1394 3444 disseruit
1432 3384 1663 3444 Keilius
1700 3384 1763 3442 in
1803 3383 2170 3460 praefatione
2189 3380 2478 3455 Charisii,
2511 3403 2661 3461 .pgg.

366 3493 447 3551 24
479 3511 624 3568 sqq.,
657 3491 760 3566 qui
787 3493 851 3549 et
876 3491 938 3548 in
966 3491 1252 3551 addendis
1281 3491 1571 3568 quasdam
1609 3491 1736 3550 eius
1773 3491 2057 3557 lectiones
2086 3491 2375 3549 hactenus
2402 3490 2664 3567 incogni-

361 3602 455 3659 tas
483 3598 816 3674 proposuit.

540 3704 614 3764 In
648 3704 1177 3782 Porphyrionis
1215 3706 1415 3765 verbis
1446 3704 1829 3765 emendandis
1848 3704 2140 3764 librorum
2159 3707 2400 3781 praeter
2425 3704 2663 3763 Mona-

361 3831 643 3872 censem
672 3812 904 3872 utilitas
923 3831 1059 3871 cum
1085 3812 1187 3872 vix
1204 3815 1364 3871 esset
1385 3813 1525 3886 ulla,
1556 3813 1781 3888 optimo
1802 3811 2002 3873 evenit
2027 3811 2170 3886 fato,
2198 3811 2357 3887 quod
2379 3809 2663 3870 Guilelmi

362 3920 593 3997 Meyeri
629 3918 834 3990 libello
871 3919 1223 3979 scholastico
1252 3919 1548 3980 Monachii
1588 3921 1760 3980 1870
1799 3918 2013 3980 emisso
2049 3918 2170 3978 iam
2206 3918 2455 3978 meliora
2480 3934 2662 3994 quam

362 4029 500 4086 ante
527 4027 604 4086 de
631 4027 745 4086 hoc
773 4025 970 4085 codice
995 4026 1512 4102 praestantissimo
1533 4045 1739 4085 sumus
1760 4026 1969 4087 edocti.
2014 4026 2173 4085 idem
2202 4027 2265 4084 et
2290 4044 2398 4101 per
2423 4025 2660 4084 litteras

324 4202 333 4207 ,
362 4134 657 4209 quaedam
685 4133 760 4191 de
788 4134 999 4192 eodem
1024 4133 1334 4194 nobiscum
1361 4133 1834 4195 communicavit.
1890 4152 1923 4193 e
1951 4131 2167 4210 quibus
2195 4132 2450 4191 maxime
2479 4132 2662 4209 digna

362 4241 649 4302 memoria
684 4258 840 4316 quae
878 4241 1068 4301 serius
1107 4241 1310 4300 adlata
1346 4241 1422 4300 ad
1457 4259 1564 4300 nos
1602 4241 1665 4299 in
1702 4240 2124 4300 commentario
2161 4260 2260 4316 pg.
2294 4241 2420 4298 216
2451 4239 2660 4315 vulga-

362 4347 572 4408 vimus.
643 4349 755 4408 hoc
797 4347 1067 4409 adiutore
1113 4349 1328 4423 evenit,
1371 4350 1442 4407 ut
1480 4350 1829 4425 portentosa
1867 4348 1974 4410 illa
2014 4350 2076 4409 et
2116 4348 2436 4409 humanam
2477 4345 2673 4407 fidem‘
