3267 5075
1268 319 1486 375 LIBER
1522 320 1720 377 xxv1.
1842 328 1847 333 ·
2511 325 2642 391 247
2695 404 2703 419 ,

350 486 532 543 bulum
576 489 792 560 saepius
835 489 1107 545 invenitur
1159 486 1254 543 sed
1311 488 1398 543 vix
1456 498 1722 562 umquam‘
1754 489 2062 564 integrum3
2120 490 2190 547 cs.
2238 491 2442 549 Ritsch.
2499 493 2641 567 prol.

351 571 492 628 Trin.
538 589 631 646 pg.
682 572 780 631 90.
995 645 1004 650 ⁴
1136 576 1142 581 ’

514 655 787 713 28-44,
862 666 1148 732 postquam
1195 657 1351 713 initio
1399 656 1518 713 libri
1563 659 1723 732 primi
1755 657 1822 714 de
1854 660 2053 715 satirici
2099 660 2346 716 carminis
2391 664 2639 736 proprio-

348 758 573 815 rumque
630 741 938 801 studiorum
993 740 1291 800 rationibus
1329 744 1604 818 ,exposuit
1659 744 1762 799 iam
1818 741 1918 799 alia
1973 744 2164 818 ecloga
2218 744 2282 799 ad
2338 747 2636 819 carpendos

228 834 241 851 ¹
343 834 530 900 poetas
579 828 848 902 tragicos,
901 828 995 901 qui
1040 834 1153 882 tum
1200 828 1423 883 maxime
1468 828 1521 882 in
1569 843 1666 884 ore
1710 835 1862 884 erant
1908 828 2207 900 hominum,
2253 828 2537 886 Pacuvium
2582 840 2636 887 et

343 911 563 967 Accium
600 913 919 986 accingitur,
969 927 1203 985 quorum
1250 919 1517 968 tumorem
1546 912 1999 985 insolentiamque
2045 912 2256 970 dicendi
2300 913 2636 972 demonstrat

342 996 524 1069 petitis
568 1012 634 1053 ex
680 995 873 1053 sabulis
918 998 1160 1070 ipsorum
1208 995 1486 1070 exemplis.

509 1081 611 1138 29.
682 1088 954 1155 portenta
1008 1084 1330 1156 anquisque
1384 1083 1665 1144 volucri33
1722 1082 1976 1155 frequens
2031 1081 2083 1136 id
2140 1098 2316 1156 genus
2374 1087 2631 1141 monstris

338 1165 701 1239 producendis
731 1166 785 1222 in
817 1182 1061 1222 scaenam
1086 1166 1417 1239 Aeschylu83
1447 1166 1519 1223 cf.
1545 1165 1646 1222 Od.
1671 1165 1914 1222 Muelleri
1944 1167 2069 1222 hist.
2097 1166 2203 1223 litt.
2231 1167 2415 1224 Graec.
2441 1168 2504 1242 11,
2529 1170 2628 1228 64.

508 1250 609 1310 30.
684 1267 824 1309 unus
870 1251 956 1306 hic
1000 1257 1088 1307 est
1131 1267 1341 1322 versuS,
1386 1266 1548 1325 quem
1593 1258 1649 1306 et
1692 1252 1747 1306 in
1792 1252 1990 1308 satirici
2036 1252 2195 1306 huius
2223 1240 2295 1308 'et
2338 1254 2392 1309 in
2440 1256 2628 1328 tragici

336 1335 572 1409 aequalis
615 1335 938 1397 carminibus
995 1335 1124 1393 olim
1168 1336 1412 1392 extitisse
1467 1336 1628 1393 certis
1675 1335 1930 1391 traditum
1985 1344 2069 1391 est
2123 1337 2421 1417 antiquitus
2476 1341 2628 1394 testi-

335 1421 553 1492 moniis,
599 1437 734 1495 quae
777 1420 1055 1495 congessit
1086 1419 1149 1477 Ο.
1179 1419 1499 1479 Ribbeckius
1529 1429 1645 1494 trg.
1677 1418 1789 1476 Lat.
1834 1419 1934 1477 rel.
1966 1438 2060 1494 pg.
2099 1420 2197 1477 74.
2261 1420 2316 1476 id
2347 1430 2525 1479 tamen
2573 1426 2625 1479 in

332 1513 480 1562 tanta
532 1504 802 1565 Romanae
867 1505 1177 1581 tragoediae
1235 1505 1586 1577 reliquiarum
1642 1506 1911 1578 paucitate
1968 1507 2179 1561 cuinam
2235 1507 2340 1561 erit
2397 1509 2625 1565 mirum?

332 1598 573 1646 ceterum
616 1592 829 1664 saepius
875 1590 1068 1661 Nonio,
1116 1605 1253 1663 quae
1298 1588 1484 1661 all'ert,
1544 1606 1654 1644 non
1699 1605 1765 1644 ex
1819 1591 2062 1663 ipsorum
2116 1598 2395 1646 auctorum
2453 1591 2623 1664 libris,

331 1674 424 1733 sed
455 1690 522 1730 ex
553 1673 802 1746 aliorum,
847 1674 942 1748 qui
973 1676 1049 1730 eis
1081 1682 1311 1733 utuntur
1340 1675 1451 1730 sive
1483 1673 1663 1731 addito
1694 1674 1977 1747 scriptoris
2011 1676 2227 1730 nomine
2256 1676 2368 1731 sive
2400 1677 2623 1747 omisso,

330 1758 533 1816 laudari
577 1759 780 1817 solent.
836 1790 919 1802 --
976 1775 1170 1833 nempe
1213 1766 1427 1815 constat
1473 1759 1639 1815 fuisse
1670 1760 1737 1814 ·in
1783 1757 1992 1814 Pacuvii
2039 1758 2242 1832 Chryse
2287 1761 2622 1817 octonarium

333 1843 518 1917 talem:

496 1974 549 2030 di
595 1976 864 2031 mouerint
909 1973 1128 2029 meliora
1176 1981 1337 2047 atque
1382 1974 1666 2028 amentiam
1712 1973 2144 2028 averruncassint
2189 1979 2352 2028 tuam.

325 2105 427 2159 iam
472 2102 621 2177 quod
664 2103 909 2177 plerique
939 2101 1224 2159 doctorum
1254 2101 1410 2161 Nonii
1441 2101 1753 2158 testimonio
1800 2100 1945 2174 quod
1977 2100 2179 2175 legitur
2207 2119 2302 2175 pg.
2337 2100 2416 2157 74
2460 2101 2620 2158 fidem

326 2187 690 2262 abrogarunt,
757 2187 1071 2243 fatebuntur
1124 2185 1203 2242 illi
1258 2194 1320 2241 ut
1371 2202 1567 2260 spero,
1638 2192 1975 2259 quantopere
2033 2202 2128 2241 eos
2183 2184 2441 2245 fefellerit
2493 2204 2617 2247 sen·

324 2274 513 2329 tentia.
590 2288 785 2346 nempe
828 2271 986 2328 Nonii
1030 2271 1113 2328 vel
1159 2288 1221 2327 ea
1265 2287 1325 2326 re
1355 2270 1627 2327 adseritur
1657 2268 1811 2342 fides,
1855 2269 2002 2343 quod
2049 2271 2228 2326 omisit
2254 2269 2389 2326 illud
2419 2278 2614 2345 atque,

324 2374 481 2431 quam
515 2342 772 2415 ‘voculam
817 2357 941 2430 quia
986 2373 1096 2414 non
1128 2355 1422 2428 quadrabat
1465 2357 1519 2410 in
1551 2363 1782 2412 metrum
1815 2355 2146 2412 trochaicum
2176 2355 2397 2412 omnino
2440 2358 2615 2412 omitti

323 2458 350 2497 a
392 2440 599 2499 Lucilio
644 2457 867 2498 necesse
909 2440 1031 2497 fuit.
1079 2471 1160 2480 —
1204 2438 1523 2514 inprobatur
1552 2448 1733 2496 autem
1766 2440 1890 2496 huic
1933 2438 2082 2513 quod
2112 2439 2373 2495 Pacuvius
2404 2443 2614 2514 sesqui-

321 2526 497 2601 pedali
550 2525 714 2584 verbo
760 2536 816 2583 et
858 2534 1128 2586 vetustate
1171 2524 1393 2583 sordido
1452 2525 1531 2583 uti
1579 2524 1766 2581 maluit
1809 2542 1910 2598 pro
1955 2523 2187 2602 simplici
2242 2532 2297 2580 et
2342 2528 2612 2583 communi
2662 2516 2681 2527 “

321 2611 618 2684 avertendi,
667 2612 815 2686 quod
858 2613 977 2686 ipse
1021 2611 1265 2670 adhibuit
1308 2610 1347 2671 l.
1392 2610 1566 2667 xxix.

488 2697 591 2755 31.
664 2698 797 2754 haec
840 2713 1160 2771 quamquam
1205 2696 1363 2752 etiam
1409 2696 1474 2751 ad
1507 2691 1775 2751 Hecubam
1808 2695 1920 2750 sive
1950 2693 2370 2751 Andromacham
2417 2697 2608 2753 referri

315 2790 571 2856 possunt,
617 2790 792 2839 tamen
840 2782 1022 2838 nescio
1069 2798 1134 2837 an
1178 2779 1241 2837 ad
1279 2781 1564 2855 Antiopam
1610 2778 1822 2836 Pacuvii
1864 2787 2108 2853 spectare
2153 2778 2344 2851 dicam,
2390 2780 2457 2837 de
2504 2799 2608 2855 qua

318 2867 535 2942 scripsit
578 2867 740 2924 haec:

1124 2977 1307 3033 illuvie
1329 2977 1597 3050 ¹corporis

572 3071 626 3119 et
670 3078 819 3119 coma
864 3062 1071 3137 prolixa
1115 3064 1306 3136 inpexa
1350 3061 1757 3136 conglomerata
1799 3069 1960 3134 atque
2004 3059 2240 3118 horrida.

315 3213 624 3285 squalitate
668 3226 885 3270 summa
933 3226 1006 3266 ac
1051 3211 1248 3266 scabie
1261 3234 1278 3274 ,-
1321 3211 1394 3266 ita
1437 3208 1701 3266 Pacuvius
1743 3209 1981 3268 Teucro:
2037 3212 2241 3283 equale
2283 3212 2603 3284 scabreque

315 3298 527 3354 inluvie
571 3296 1031 3354 etvastitudine.
1104 3296 1447 3368 squalitate;
1490 3293 1722 3350 Nouium
1751 3294 1928 3368 ipsum
1961 3295 2131 3367 siquis
2160 3295 2476 3350 existimarit
2510 3295 2602 3351 de-

315 3381 456 3439 disse
498 3379 634 3440 illud
676 3383 1007 3450 scurilitate,
1053 3388 1113 3436 ut
1156 3378 1281 3436 alibi
1310 3385 1574 3451 cuatere,
1618 3395 1911 3450 occassum,
1957 3394 2261 3451 cuae-sare,
2297 3381 2599 3453 cuadrifa-

313 3470 483 3537 rium,
528 3461 842 3535 cumenae,
887 3463 1134 3538 equidem
1178 3464 1397 3520 minime
1438 3480 1761 3540 repugnem.
1807 3493 1888 3503 —
1932 3463 2159 3519 alterum
2189 3479 2410 3526 summa
2452 3473 2603 3522 recte

313 3550 517 3608 Nouius
561 3549 726 3608 trahit
768 3549 835 3606 ad
882 3547 1196 3606 vocabulum
1242 3565 1494 3622 sequens
1553 3579 1634 3589 —
1691 3563 1988 3606 erumnam
2031 3550 2148 3604 sine
2193 3567 2229 3604 a
2276 3547 2329 3606 h.
2376 3547 2414 3604 l.
2470 3566 2600 3607 con-

312 3643 520 3692 stanter
566 3634 700 3709 ipsis
744 3632 1069 3710 corruptelis
1098 3632 1299 3690 adserit
1333 3632 1761 3692 membranarum
1807 3634 2121 3704 auctoritaS,
2164 3650 2358 3708 nempe
2401 3634 2596 3692 dictam

312 3721 356 3776 si
400 3718 574 3775 Ennio
618 3719 968 3793 grammatico
1014 3718 1279 3775 credimus
1344 3711 1524 3794 [Char.
1575 3713 1716 3795 76]‚
1773 3716 1918 3793 quod
1979 3727 2212 3784 mentem
2260 3727 2444 3789 eruat3
2501 3720 2596 3776 sed

313 3821 446 3878 quae
476 3813 533 3860 et
562 3819 659 3877 per
687 3820 717 3859 a
748 3811 804 3859 et
834 3820 863 3859 e
894 3801 1054 3860 scribi
1082 3803 1259 3877 possit
1300 3804 1423 3877 quia
1454 3819 1751 3859 maerorem
1794 3802 1978 3874 (immo
2011 3802 2333 3879 acyrorem)
2374 3806 2596 3861 nutriat.

478 3888 581 3946 32.
657 3888 762 3948 hoc
802 3887 1168 3962 fragmentum
1211 3905 1333 3945 cum
1364 3887 1716 3961 sequentihus
1749 3886 1961 3944 duobus
1992 3896 2179 3962 aperte
2208 3898 2484 3963 sumptum
2531 3906 2595 3944 ex

313 3973 590 4049 tragoedia
630 3974 784 4030 cuius
830 3989 895 4032 ex
936 3974 1112 4047 primo
1157 3973 1497 4047 potissimum
1543 3979 1598 4028 et
1642 3972 1881 4029 secundo
1913 3972 2088 4030 Iliadis
2126 3973 2261 4030 libro
2308 3990 2593 4047 argumen-

312 4067 438 4115 tum*
465 4066 615 4114 esset
655 4058 905 4132 petitum.
994 4057 1157 4113 verba
1200 4057 1419 4113 Achillis
1476 4057 1558 4112 vel
1603 4057 1882 4114 Thersitae
1927 4061 2381 4133 Agamemnonem
2427 4057 2593 4114 laces-

307 4145 477 4202 sentis
519 4140 755 4216 probriS,
802 4141 868 4202 cf.
915 4141 975 4198 ll.
1011 4141 1050 4213 l,
1084 4142 1447 4218 149—1603
1497 4141 1567 4198 ib.
1616 4141 1985 4210 226-2303
2027 4142 2091 4213 ll,
2125 4141 2477 4198 225—238.
2509 4173 2591 4181 -

309 4230 560 4301 efferent
603 4243 697 4291 se,·
740 4244 849 4286 non
882 4226 1029 4300 quod
1059 4227 1262 4283 Nonius
1307 4236 1460 4302 putat
1490 4229 1732 4288 subdent
1761 4244 1842 4300 se,
1876 4228 1969 4283 sed
2002 4229 2081 4284 ad
2107 4230 2375 4300 capulum
2407 4228 2586 4284 ibunt.

309 4320 363 4372 et
405 4313 460 4369 id
505 4312 684 4387 ipsum
727 4310 915 4370 irridet
958 4311 1211 4369 LuciliuS.
