3267 5075
132 341 149 415 l
458 444 461 450 .
1207 376 1424 431 LIBER
1460 376 1655 431 XXVI.
2494 372 2577 438 89

1213 536 1452 601 LXXII
1500 539 1639 619 [51]

482 645 643 729 quod
689 646 745 710 is
791 645 1206 730 intellegebat
1249 667 1440 709 nosse
1487 667 1588 709 me
1636 667 1788 727 rem,
1836 645 1915 708 ad
1962 667 2201 727 paucos
2248 645 2480 709 rettuli.

1222 751 1495 815 LXXIII
1544 753 1639 832 [3]

478 858 624 922 ferri
670 862 942 942 tantum,
991 859 1045 922 si
1091 864 1276 944 roget
1320 881 1441 942 me,
1488 882 1620 923 non
1668 859 1829 943 dem,
1877 862 2187 943 quantum
2226 859 2365 922 auri
2400 858 2579 942 petit.

407 1006 415 1012 ·
480 974 527 1038 si
574 975 912 1057 secubitet‚
968 975 1059 1039 sic
1107 997 1358 1059 quoque
1406 998 1445 1038 a
1490 998 1591 1039 me
1640 998 1801 1060 quae
1847 977 2032 1059 roget
2086 996 2218 1037 non
2264 955 2579 1057 impetret.

1205 1089 1473 1154 LXXIV
1522 1093 1661 1171 [46]

477 1219 618 1261 cum
665 1198 873 1261 stadio
919 1199 987 1261 in
1035 1198 1353 1281 gymnasii
1401 1197 1637 1280 duplici
1684 1219 1915 1280 corpus
1965 1197 2306 1260 siccassem
2350 1195 2500 1278 pila.

1172 1365 1177 1372 .
1215 1311 1450 1376 LXXV
1499 1314 1639 1393 [45]

361 1416 435 1480 95
476 1422 651 1483 tuam
673 1421 1037 1504 ·pr0batam
1083 1420 1172 1482 mi
1219 1422 1283 1482 et
1329 1423 1682 1502 spectatam
1729 1441 2025 1484 maxume
2064 1417 2578 1482 adulescentiam.

704 1534 715 1539 ’
1202 1532 1472 1599 LXXVI
1519 1536 1659 1617 [13]

474 1692 878 1712 .......
923 1643 977 1706 si
1024 1621 1410 1707 miserantur
1457 1664 1523 1705 se
1569 1642 1721 1726 ipsi,
1768 1642 1936 1725 vide,

477 1780 735 1823 causam
781 1758 1036 1823 illorum
1084 1759 1410 1842 superiore
1456 1757 1809 1822 conlocarit
1854 1778 1936 1820 ne
1981 1757 2138 1821 loce.

1187 1873 1489 1937 LXXVII
1536 1874 1675 1953 [38]

385 2043 394 2053 ,
478 1981 579 2065 qui
630 2004 740 2046 sex
786 2003 1038 2046 menses
1084 1982 1284 2045 vitam
1330 1980 1598 2063 ducunt,
1658 2002 1806 2044 orco
1854 1980 2173 2064 spondent
2218 1981 2579 2064 septimum.

1075 2086 1405 2151 LXXVIII
1455 2085 1682 2170 [XXV‚
1727 2088 1796 2167 4]

477 2244 1060 2265 υυυυυυυυυυ
1111 2193 1366 2258 Arabus
1414 2196 1708 2257 artem0.'

325 2333 508 2384 LXXlI
556 2336 694 2385 Non.
723 2335 839 2398 381,
867 2338 931 2384 21
970 2336 1225 2386 referre
1261 2334 1532 2400 significat
1568 2334 1806 2399 perferre
1846 2334 2098 2385 indicare.
2159 2336 2323 2401 Verg.
2360 2364 2421 2371 -
2461 2337 2580 2388 Lu·

326 2403 501 2453 cilius
524 2403 616 2453 lib.
642 2403 822 2452 XXVI
848 2402 1141 2455 (XXXVI
1168 2404 1213 2453 L
1243 2401 1310 2468 1).
1398 2403 1633 2452 LXXIII
1670 2403 1807 2452 Non.
1834 2404 1950 2463 382,
1977 2407 2036 2453 31
2079 2419 2316 2469 rogare
2340 2420 2581 2469 poscere.

324 2468 602 2521 Lucilius
640 2470 736 2521 lib.
777 2471 972 2519 XXVI.
1011 2498 1071 2507 -
1111 2472 1246 2521 idem
1281 2473 1398 2532 366,
1439 2474 1500 2521 19
1539 2475 1761 2536 petere
1799 2469 2075 2532 significat
2111 2487 2346 2536 possere.
2421 2474 2580 2537 Verg.

324 2565 378 2574 —-
411 2540 703 2590 Lucilius
737 2539 830 2589 lib.
869 2540 1048 2589 XXVI
1086 2541 1249 2590 ferri
1292 2568 1347 2574 —
1388 2540 1578 2603 petit.
1728 2539 1958 2588 LXXIV
2016 2539 2156 2591 Non.
2194 2544 2310 2603 394,
2346 2542 2411 2590 28
2448 2543 2579 2592 sic-

325 2621 444 2656 cum
476 2609 780 2657 exercitum.
853 2607 1160 2658 Lucilius
1197 2607 1292 2657 lib.
1332 2607 1529 2656 XXVI..
1671 2607 1871 2655 LXXV
1931 2606 2069 2660 Non.
2105 2609 2222 2670 437,
2255 2612 2313 2659 12
2349 2610 2578 2673 proba-

326 2677 435 2724 tum
485 2680 538 2725 et
588 2680 982 2740 spectatum,
1027 2673 1487 2740 (expectatum
1523 2676 1567 2723 L
1607 2672 1660 2739 2)
1715 2689 1777 2723 eo
1815 2675 2051 2736 distant,
2098 2677 2239 2740 quod
2275 2681 2581 2741 spectatum

325 2740 413 2803 (eo
447 2743 494 2792 d.
531 2760 580 2809 q.
621 2760 710 2809 sp.
746 2743 866 2793 add.
901 2742 1006 2804 Me,
1042 2759 1144 2793 om.
1181 2741 1320 2802 cdd.)
1360 2742 1442 2792 vis
1481 2743 1697 2792 maioris
1732 2747 1830 2792 est.
1935 2742 2166 2792 LXXVI
2207 2744 2346 2794 Non.
2371 2747 2488 2807 499,
2515 2748 2579 2795 26

323 2812 646 2862 accusativus
692 2826 789 2876 pro
815 2811 1088 2874 genetivo.
1147 2810 1452 2861 Lucilius
1487 2809 1582 2860 lib.
1608 2809 1785 2859 XXVI
1827 2809 1952 2873 (huc
1988 2813 2269 2860 revocavit
2291 2812 2373 2872 M;
2412 2830 2463 2863 v.
2500 2813 2579 2862 le-

322 2876 450 2940 gitur
482 2879 582 2928 hoc
618 2879 772 2943 frgm.
810 2894 861 2928 v.
905 2880 964 2927 18
1001 2895 1044 2929 s.
1085 2877 1119 2927 1.
1166 2878 1381 2928 dativus
1418 2893 1516 2942 pro
1554 2877 1912 2940 accusativo).
2119 2878 2379 2929 LXXVII
2436 2880 2575 2929 Non.

322 2949 424 3003 525.
458 2951 519 2996 20
555 2948 806 3012 quotiens
844 2962 938 3011 per
972 2949 1343 2997 accusativum
1381 2962 1565 2996 casum
1601 2961 1775 2995 annos
1821 2944 1912 2994 vel
1947 2944 2058 2996 dies
2095 2946 2389 3011 loquimur,
2427 2949 2580 3012 iuges

323 3028 474 3064 annos
509 3014 589 3069 vel
629 3014 749 3064 dies
786 3013 1179 3077 significamus:
1223 3015 1473 3078 quotiens
1499 3029 1593 3077 per
1615 3012 1859 3062 dativum
1899 3029 1992 3077 per
2016 3014 2383 3077 intervallum,
2418 3017 2578 3064 inter·

320 3081 460 3132 icc-tis
494 3083 767 3146 aliquibus
813 3082 972 3132 annis
1018 3083 1101 3130 vel
1137 3082 1340 3131 dlebus.
1412 3081 1689 3143 Vergilius
1729 3108 1786 3114 ·-
1830 3080 2056 3131 Plautus
2095 3109 2160 3117 -
2196 3083 2477 3146 Turpilius
2517 3111 2577 3119 —

319 3149 440 3198 idem
472 3178 520 3185 -
546 3149 820 3213 Vergilius
846 3177 912 3184 --
940 3149 1127 3199 Cicero
1153 3177 1216 3183 -—
1243 3149 1380 3197 idem
1408 3176 1469 3183 ——
1495 3147 1789 3197 Sallustius
1815 3173 1882 3181 —
1907 3149 2215 3200 Lucilius
2250 3150 2341 3202 lib.
2380 3151 2578 3202 XXVI.

320 3241 376 3250 ·—
407 3217 542 3268 Idem
577 3221 695 3277 283,
735 3220 791 3267 17
832 3234 874 3270 s,
912 3233 962 3270 V.
1011 3217 1251 3266 ducere
1288 3250 1354 3256 —
1395 3216 1696 3266 Lucilius
1741 3215 1835 3265 lib.
1877 3216 2029 3265 XXX
2075 3244 2140 3250 -—
2188 3219 2421 3267 ducere
2467 3224 2578 3268 tra-

318 3283 444 3334 here.
501 3284 805 3336 Lucilius
842 3284 919 3334 lib
972 3285 1154 3335 XXVI
1193 3284 1458 3347 (ducere
1498 3282 1769 3333 trahere
1803 3299 1848 3332 e.
1878 3300 1927 3348 q.
1954 3298 1999 3333 s.
2040 3300 2144 3333 om.
2169 3286 2305 3345 cdd„
2340 3285 2458 3334 add.
2483 3286 2579 3346 M).

439 3353 719 3402 LXXVIII
778 3351 937 3401 Char.
973 3355 1038 3402 99
1085 3368 1125 3402 s.
1163 3368 1214 3402 v.
1253 3351 1490 3401 Arabis
1526 3378 1591 3386 —
1629 3350 1758 3415 quid
1791 3366 1920 3415 ergo
1967 3352 2014 3400 si
2059 3353 2140 3401 sic
2183 3352 2483 3403 declinavit
2518 3359 2579 3403 ut

318 3419 527 3470 Plautus
560 3421 618 3470 in
644 3419 1008 3470 Bacchidibus
1035 3416 1065 3449 *
1086 3416 1116 3449 *
1137 3416 1168 3450 *
1193 3423 1245 3468 et
1281 3420 1339 3469 in
1378 3418 1614 3470 Poenulo
1654 3419 1887 3469 ‘Arabus
1922 3419 2191 3469 murrinus
2228 3419 2379 3470 odor‘
2421 3417 2579 3486 [Ara-

317 3487 448 3552 busl,
487 3488 792 3539 Lucilius
829 3487 1010 3538 XXVI
1047 3487 1284 3549 (XXVI
1318 3486 1393 3550 M,
1429 3487 1597 3536 XXV
1633 3485 1791 3549 cod.).

471 3613 542 3670 91
592 3613 675 3668 his
723 3612 790 3668 B.
836 3644 922 3654 —
968 3611 1313 3686 intellegebat
1357 3614 1539 3683 docti,
1594 3611 1952 3684 intellegebat·
1996 3613 2123 3668 cdd.
2169 3644 2253 3652 —
2297 3630 2461 3669 nosse
2507 3615 2580 3686 D,

316 3714 464 3769 posse
507 3699 713 3769 scripti
755 3697 942 3771 (posse
986 3713 1148 3770 posse
1185 3698 1289 3753 sed
1328 3698 1509 3754 deleto
1536 3699 1863 3768 posteriore
1896 3691 1984 3772 G).
2030 3691 2113 3736 έ-
2160 3715 2243 3753 me
2288 3714 2400 3753 rem
2447 3701 2579 3755 add.

315 3781 388 3836 M.
431 3813 505 3822 —
554 3782 691 3837 haud
738 3783 785 3838 L
819 3784 849 3837 1
884 3801 956 3837 m.
989 3782 1046 3844 2,
1094 3782 1174 3853 G,
1219 3789 1311 3836 aut
1356 3783 1431 3853 Β,
1466 3781 1605 3838 Gen.
1652 3811 1735 3819 ——
1781 3780 1941 3837 retuli
1987 3784 2111 3838 cdd.
2149 3799 2276 3839 exc.
2313 3783 2449 3839 Gen.

316 3866 386 3922 93
428 3866 683 3923 secubitet
718 3867 787 3938 G,
822 3868 894 3936 Β,
941 3865 1150 3923 secabit
1180 3875 1237 3922 et
1262 3867 1309 3922 L
1344 3868 1398 3921 1.
1445 3895 1530 3908 —-
1574 3867 1651 3921 εἰει
1681 3867 2007 3936 Fraternas,
2040 3868 2084 3922 si
2119 3868 2244 3927 cdd.
2292 3897 2375 3907 —
2422 3876 2581 3941 rogat
2656 3914 2659 3917 .

316 3952 448 4007 Guil.
566 3950 646 4007 94
689 3953 950 4026 gymnasii
982 3950 1064 4020 M,
1111 3952 1390 4025 gymnasio
1437 3952 1487 4006 in
1532 3952 1659 4006 cdd.
1704 3979 1786 3989 —
1830 3952 2115 4007 siccassem
2160 3953 2217 4007 in
2262 3971 2402 4025 mry.
2447 3955 2579 4008 add.

314 4055 378 4092 m.
408 4037 440 4092 2
475 4037 539 4092 G.
576 4065 653 4075 —-
684 4034 789 4109 pila
822 4055 895 4107 υ.,
927 4035 1059 4109 piIas
1091 4039 1298 4107 scripti
1327 4033 1601 4108 (sequitur
1630 4033 1699 4109 s).
1816 4034 1895 4091 95
1941 4037 2012 4090 mi
2045 4036 2124 4106 M,
2156 4036 2283 4091 mibi
2310 4039 2463 4093 libri.
2498 4067 2575 4075 -

313 4128 658 4194 exspectatam
700 4122 746 4175 L
777 4121 836 4187 2,
881 4122 1026 4177 idem
1070 4122 1296 4175 maxime
1340 4127 1396 4176 et
1424 4119 1838 4176 adulescentiae.
1972 4119 2050 4176 97
2097 4123 2351 4177 ordinem
2383 4123 2576 4177 verbo-

313 4223 430 4262 rum
460 4205 747 4263 constituit
778 4204 841 4260 M
852 4231 870 4269 ,-
915 4206 1038 4262 cdd.
1087 4221 1154 4261 ne
1198 4205 1415 4260 illorum
1461 4220 1619 4259 causa
1667 4202 1894 4277 (causam
1931 4202 2104 4275 docti)
2146 4206 2425 4278 superiore
2456 4206 2577 4261 loco

314 4290 601 4346 conlocavit
649 4284 949 4362 (collocavit
993 4291 1038 4346 G
1055 4310 1068 4364 3
1119 4307 1226 4345 non
1273 4289 1468 4345 locavit
1503 4290 1734 4351 Bamb.;
1782 4288 2082 4344 conlocarit
2123 4286 2227 4360 M).
2361 4289 2439 4346 98
2486 4293 2577 4364 qui

315 4391 399 4431 sex
441 4389 651 4431 menses
688 4372 852 4431 'vitam
897 4375 1102 4431 ducunt
1146 4393 1252 4432 om.
1301 4376 1426 4431 cdd.
1476 4373 1617 4429 283.
1668 4404 1746 4412 -
1794 4373 1937 4446 Orpo
1982 4376 2124 4431 idem
2172 4372 2313 4430 283.
