3267 5075
1182 422 1432 519 ⁴LIBER
1471 432 1509 484 1.
2382 424 2508 493 195

252 612 364 670 quae
405 606 623 670 apparet
670 597 830 654 verba
875 576 1015 654 dicta
1059 615 1180 655 esse
1225 598 1288 653 ad
1334 597 1736 653 similitudinem
1782 595 2051 652 Homerici
2100 592 2216 672 [od.
2264 598 2320 667 V,
2355 592 2507 673 289]

396 709 664 792 ὀχθήσας
695 714 732 773 ὃ
745 710 761 734 ’
793 713 912 795 ἄρα
943 707 1068 776 εἶπε
1097 714 1246 795 πρὸς
1279 710 1350 774 ὃν
1377 712 1741 793 μεγαλήτορα
1769 711 1991 790 θυμόν.

251 844 465 892 ceterum
521 856 658 912 quae
713 839 779 894 ad
834 838 1043 912 Lupum
1099 839 1421 912 carpendum
1476 839 1843 911 pertinerent,
1913 839 2162 909 quoniam
2218 854 2325 892 uon
2381 839 2509 893 satis

250 922 567 994 comparebat
610 926 821 985 cuinam
866 924 1205 996 potissimum
1253 923 1354 978 deo
1401 931 1582 977 essent
1629 917 1910 976 tribuenda
1955 924 2005 976 in
2057 921 2244 977 ultimo
2278 921 2509 977 colloca-

250 1007 402 1061 vimus
445 1007 649 1064 ordine.
2171 1022 2179 1031 ’

400 1091 453 1146 5.
526 1094 770 1147 iniuriam
805 1091 920 1147 lieri
952 1103 1006 1148 et
1037 1092 1242 1148 Lucilio
1290 1099 1345 1147 et
1374 1091 1608 1147 Luciano
1655 1098 1737 1146 sat
1765 1098 2027 1164 apertum.
2074 1107 2218 1145 -uam
2248 1108 2349 1147 nec
2378 1091 2510 1147 deos

250 1175 586 1248 exagitarunt,
632 1176 729 1231 sed
776 1175 933 1231 salsas
964 1177 1032 1232 de
1063 1177 1143 1232 dis
1188 1176 1631 1246 narratiunculaS,
1683 1190 1818 1249 quae
1863 1182 1957 1229 aut
1986 1183 2264 1248 poetarum
2297 1175 2509 1231 licentia

249 1267 326 1314 aut
354 1263 736 1333 superstitione
767 1260 914 1334 vulgi
961 1263 1074 1316 sive
1105 1260 1291 1315 fraude
1336 1261 1677 1316 sacerdotum
1724 1261 2090 1333 optinuerant,
2135 1276 2237 1315 nec
2267 1260 2511 1316 homines

249 1345 335 1398 nisi
382 1353 467 1400 aut
508 1346 731 1418 ineptos
768 1353 862 1400 aut
904 1348 1169 1419 impuroS,
1215 1345 1315 1400 hos
1362 1346 1576 1418 quidem
1621 1346 1759 1399 sicut
1790 1344 1969 1399 solent
2010 1344 2108 1398 viri
2155 1343 2281 1400 boni
2311 1348 2510 1417 apertis

248 1431 498 1499 persecuti
543 1429 701 1485 odiis,
773 1430 920 1502 vquod
967 1447 1089 1485 cum
1133 1432 1206 1485 ita
1238 1431 1330 1501 sit,
1377 1430 1492 1484 iure
1521 1445 1643 1485 meo
1690 1428 1876 1483 videor
1906 1428 2034 1483 mihi
2080 1429 2412 1484 contendere
2457 1438 2513 1484 et

249 1511 488 1567 Lucilium
532 1522 584 1568 et
630 1513 922 1568 Lucianum
967 1514 1219 1569 meliores
1266 1514 1430 1587 longe
1474 1530 1594 1569 esse
1626 1514 1902 1586 opinione,
1948 1529 2108 1585 quam
2154 1514 2401 1587 concepit
2445 1514 2512 1568 de

250 1598 314 1651 eis
355 1595 562 1671 volgus,
606 1629 689 1637 —
733 1607 971 1653 ceterum
1000 1598 1206 1653 Lucilio
1240 1599 1440 1654 homini
1472 1596 1846 1671 philosophiae
1889 1596 2082 1652 studiis
2112 1597 2319 1653 imbuto
2352 1614 2511 1671 quam

250 1697 341 1735 non
383 1681 680 1754 placuerint
724 1682 970 1756 vulgares
1014 1682 1375 1738 Romanorum
1422 1682 1488 1738 de
1534 1683 1615 1737 dis
1647 1683 2094 1750 existimationeS,
2141 1684 2344 1754 optime
2388 1699 2510 1755 per-

250 1765 458 1837 spicitur
498 1766 778 1839 praeclaro
825 1766 919 1822 illo
966 1768 1273 1841 fragmento
1321 1766 1464 1839 quod
1510 1767 1715 1840 legitur
1761 1766 1796 1821 2
1842 1766 1879 1821 l.
1926 1765 2030 1830 XV.

400 1851 455 1906 7.
508 1851 685 1906 lovem
716 1851 895 1906 induci
919 1852 1236 1925 loquentem
1269 1858 1505 1906 statuere
1536 1851 1702 1919 docti,
1736 1852 1910 1905 minus
1941 1847 2100 1921 bene,
2131 1867 2251 1906 cum
2282 1851 2364 1905 vix
2399 1868 2511 1906 um·

251 1950 387 2006 quam
430 1935 650 2007 concilia
695 1935 919 1991 deorum
966 1952 1096 2010 rege
1141 1935 1364 1992 absente
1408 1936 1582 1990 habita
1625 1943 2013 1991 memorentur.
2088 1951 2156 1990 ne
2202 1952 2260 1990 ea
2293 1935 2509 2007 quidem

250 2034 365 2089 quae
408 2004 663 2092 leguntur
708 2020 868 2094 frgm.
915 2020 1105 2075 abhinc
1148 2020 1387 2076 secundo
1447 2028 1531 2075 sat
1572 2018 1926 2100 probabiliter
1967 2020 2077 2074 lovi
2122 2018 2356 2090 t1ibuas,
2418 2023 2509 2093 qui

248 2102 347 2198 ipse
387 2120 505 2159 sese
531 2105 632 2159 vix
678 2105 924 2160 dicturus
969 2105 1074 2159 fuit
1107 2113 1340 2176 patrem
1386 2109 1653 2176 optimum
1698 2089 1897 2161 divom.
1972 2113 2027 2159 et
2057 2105 2187 2160 haec
2217 2106 2370 2159 cuius
2402 2106 2511 2159 sint

249 2188 320 2241 vix
360 2187 601 2244 definias·
650 2205 786 2262 quae
829 2191 982 2245 initio
1029 2190 1197 2245 θεῶν
1238 2182 1456 2265 ἀγορᾶς
1502 2189 1653 2244 fuere
1698 2168 1959 2245 collocata
2004 2190 2187 2243 nescio
2233 2205 2298 2243 an
2348 2188 2510 2244 tribui

248 2270 457 2328 debeant
511 2273 779 2330 Minervae
835 2282 1061 2347 propter
1116 2274 1418 2347 exemplum
1473 2273 1830 2329 Homericum.
1886 2304 1970 2313 —
2021 2277 2222 2343 priore
2281 2273 2508 2329 dativus,

247 2357 379 2428 olim,
419 2356 511 2412 illo
543 2365 811 2431 tempore.
853 2388 938 2397 —
974 2358 1223 2430 factum,
1269 2361 1467 2414 vellem
1511 2359 1640 2415 satis
1678 2358 1958 2414 commode
1989 2357 2191 2412 addidit
2221 2356 2509 2413 Lachman-

248 2456 353 2512 nus,
400 2459 719 2515 quamquam
766 2441 918 2515 plura
966 2442 1227 2498 excidisse
1273 2442 1620 2516 probabilest.

395 2527 452 2585 8.
519 2527 665 2584 hunc
709 2545 759 2582 v.
806 2527 1046 2601 Scaliger
1091 2528 1257 2601 priori
1314 2526 1474 2602 frgm.
1534 2526 1972 2601 praeponendum
2022 2544 2144 2583 esse
2186 2525 2355 2596 dixit3
2413 2526 2509 2583 sed

244 2619 377 2667 recte
417 2620 599 2668 monet
646 2612 1007 2668 Franckenius
1050 2613 1094 2688 1,
1140 2613 1197 2681 4,
1244 2612 1298 2667 id
1343 2629 1410 2668 ne
1454 2620 1659 2667 statuas
1707 2611 1981 2685 prohiberi
2026 2612 2208 2667 addito
2255 2611 2506 2668 adverbio

239 2693 396 2767 forte,
440 2714 545 2770 quo
591 2714 702 2753 non
750 2698 827 2752 uti
871 2698 1047 2771 possit
1090 2699 1134 2752 is
1167 2698 1259 2770 qui
1303 2697 1370 2752 de
1415 2714 1472 2753 re
1501 2698 1796 2771 praeterita
1837 2707 1892 2752 et
1922 2713 2147 2769 prorsus
2192 2694 2507 2751 immutabili

242 2778 491 2852 loquatur,
536 2783 589 2837 in
637 2798 742 2854 qua
785 2781 965 2837 nullae
1011 2784 1112 2838 iam
1158 2782 1266 2837 sint
1310 2799 1467 2837 casus
1499 2790 1698 2855 parteS.
1773 2789 1830 2836 et
1859 2782 1978 2854 ipso
2010 2780 2104 2837 illo
2151 2797 2279 2837 cum
2305 2784 2509 2852 primis

243 2863 437 2921 videtur
482 2866 697 2940 probari
744 2866 1044 2922 subiectum
1089 2868 1274 2940 potius
1321 2883 1477 2939 quam
1525 2881 1904 2940 praegressum
1962 2865 2067 2921 hoc
2123 2864 2284 2939 l'rgm.
2332 2863 2505 2922 alteri.

242 2948 408 3021 itaque
449 2950 663 3006 videtur
706 2952 752 3005 is
799 2951 891 3023 qui
934 2951 1094 3006 verba
1140 2950 1263 3007 facit
1307 2951 1590 3006 consilium
1647 2951 1928 3023 superiore
1973 2957 2244 3005 conventu
2289 2958 2504 3022 captum

241 3035 612 3105 reprehendere
653 3035 795 3090 velle
839 3043 894 3091 et
938 3034 1238 3091 emendare.
1293 3065 1377 3074 ——
1432 3045 1674 3091 ceterum
1705 3034 1851 3090 -haec
1904 3050 2086 3089 manca
2131 3050 2251 3089 esse
2303 3036 2356 3088 in
2401 3031 2508 3089 fine

242 3128 473 3189 apparet3
516 3120 647 3175 nihil
691 3121 833 3175 enlm
877 3110 1051 3191 adest,
1096 3137 1204 3194 quo
1235 3121 1475 3194 priorum
1508 3129 1810 3193 temporum
1843 3119 2190 3192 reprehensio
2219 3118 2505 3174 iudicetur.

397 3204 451 3261 9.
509 3211 688 3276 pater
718 3203 946 3276 optimu'
977 3205 1161 3261 divom
1192 3222 1240 3260 e.
1276 3223 1323 3278 q.
1359 3222 1438 3273 S.;
1482 3205 1557 3260 ita
1588 3205 1747 3259 etiam
1776 3209 1952 3275 pater
1986 3204 2300 3273 Tiberinus,
2329 3210 2508 3273 pater

131 3295 141 3308 '
241 3287 470 3361 AeneaS,
507 3295 686 3360 pater
730 3290 1039 3364 Λυρκείας.
1117 3306 1217 3346 nec
1260 3306 1387 3345 vero
1433 3291 1486 3344 in
1532 3290 1609 3344 eis
1643 3290 1734 3361 qui
1766 3294 2107 3344 accesserunt
2152 3287 2232 3341 dis
2263 3286 2509 3342 substitit

242 3371 364 3428 haec·
397 3374 717 3447 appellati03
774 3374 870 3430 sed
916 3390 1074 3447 saepe
1119 3374 1182 3429 ad
1230 3375 1479 3448 quosvis,
1540 3375 1630 3446 qui
1689 3374 1771 3428 sui
1829 3388 2094 3427 memores
2152 3370 2284 3426 alios
2332 3371 2508 3444 secere

242 3458 498 3530 merendO,
546 3457 904 3527 transfertur3
950 3460 1091 3514 sicut
1135 3457 1420 3532 Epicurum
1466 3457 1765 3531 alloquitur
1792 3456 2075 3511 Lucretius
2107 3453 2142 3509 Ι.
2177 3455 2251 3512 111,
2275 3464 2352 3527 tu,
2397 3473 2506 3527 pa-

242 3547 336 3611 ter,
383 3558 443 3598 es
486 3559 683 3600 rerum
726 3547 1010 3604 inventor.
1061 3574 1133 3583 —
1182 3547 1289 3599 siet
1334 3559 1406 3599 ac
1451 3546 1714 3610 dicatum
1760 3543 1832 3596 ita
1875 3542 1931 3595 iu
1962 3540 2267 3613 fragmento
2311 3540 2504 3597 incerti

240 3623 349 3681 libri
389 3635 662 3700 quantum
706 3629 925 3685 habeas
971 3635 1189 3685 tantum
1231 3632 1356 3700 ipse
1398 3631 1511 3683 sies
1556 3630 1812 3700 tantique
1854 3626 2144 3681 habear-2⁸3.

399 3713 494 3769 10.
563 3728 670 3769 nec
714 3729 825 3769 non
871 3713 1040 3787 magis
1086 3713 1190 3769 hoc
1235 3713 1356 3769 loco
1402 3712 1641 3808 positum
1685 3728 1785 3785 pro
1831 3725 1904 3765 ne
1948 3712 2170 3783 quidem
2216 3726 2373 3782 quam
2419 3727 2503 3783 ap.

238 3792 355 3850 Luc.
400 3796 466 3851 vl
512 3793 724 3891 [1213,
775 3791 884 3873 14]

394 3944 554 4007 atque
599 3936 757 3991 etiam
805 3935 1064 4007 quosdam
1111 3951 1302 4008 cepere
1348 3933 1540 3989 oblivia
1582 3949 1762 3989 rerum

394 4026 736 4092 cunctarum,
781 4036 960 4093 neque
1004 4036 1063 4075 se
1106 4028 1332 4094 possent
1374 4033 1707 4092 cognoscere
1753 4025 1811 4072 ut
1853 4018 1970 4091 ipsi.

239 4154 595 4222 Carneadem
635 4166 826 4214 auctor
868 4159 912 4213 is
943 4157 1240 4213 academiae
1274 4158 1482 4227 tertiae,
1503 4155 1594 4211 ‘de
1627 4171 1737 4228 quo
1767 4154 1997 4228 plurima
2028 4154 2212 4210 Cicero
2257 4156 2311 4210 in
2353 4153 2539 4211 libris-

236 4239 639 4316 philosophicis3
686 4241 791 4298 suit
834 4260 881 4298 a.
932 4241 1053 4299 599
1100 4258 1218 4297 cum
1266 4241 1499 4296 Critolao
1545 4240 1900 4314 peripatetico
1947 4248 2002 4293 et
2047 4239 2284 4310 Diogene
2329 4241 2503 4295 stoico

236 4323 293 4380 ab
336 4326 747 4383 Atheniensibus
790 4329 984 4382 missus
1014 4325 1264 4395 Romam3
1310 4324 1400 4380 ubi
1433 4325 1485 4379 hi
1514 4324 1809 4399 sapientiae
1839 4322 2075 4377 studium
2107 4324 2503 4391 excitaverunt3

235 4408 377 4481 plane
422 4418 484 4465 ut
530 4413 895 4483 grammaticae
940 4411 1122 4467 Crates
1153 4410 1394 4466 Mallotes
1435 4409 1643 4483 aliquot
1678 4410 1826 4464 annis
1871 4415 1994 4463 ante
2034 4407 2249 4481 legatus
2291 4416 2345 4462 et
2390 4410 2503 4482 ipse

1973 4506 2080 4558 13*
