<?xml version="1.0" encoding="UTF-8"?>
<!DOCTYPE html PUBLIC "-//W3C//DTD XHTML 1.0 Transitional//EN"
    "http://www.w3.org/TR/xhtml1/DTD/xhtml1-transitional.dtd">
<html xmlns="http://www.w3.org/1999/xhtml" xml:lang="en" lang="en">
 <head>
  <title>
</title>
<meta http-equiv="Content-Type" content="text/html;charset=utf-8" />
  <meta name='ocr-system' content='tesseract 3.04.00' />
  <meta name='ocr-capabilities' content='ocr_page ocr_carea ocr_par ocr_line ocrx_word'/>
</head>
<body>
  <div class='ocr_page' id='page_1' title='image "./clucilisaturaru00mlgoog_0361.png"; bbox 0 0 3267 5075; ppageno 0'>
   <div class='ocr_carea' id='block_1_1' title="bbox 1191 304 2653 419">
    <p class='ocr_par' dir='ltr' id='par_1_1' title="bbox 1191 304 2653 419">
     <span class='ocr_line' id='line_1_1' title="bbox 1191 304 2653 419; baseline 0.009 -13"><span class='ocrx_word' id='word_1_1' title='bbox 1191 304 1198 311; x_wconf 92' lang='lat'><em>·</em></span> <span class='ocrx_word' id='word_1_2' title='bbox 1286 353 1503 407; x_wconf 86' lang='lat' dir='ltr'><strong>LIBER</strong></span> <span class='ocrx_word' id='word_1_3' title='bbox 1539 353 1735 409; x_wconf 84' lang='lat' dir='ltr'>XXVI.</span> <span class='ocrx_word' id='word_1_4' title='bbox 2527 352 2653 419; x_wconf 82' lang='lat'><strong>251</strong></span> 
     </span>
    </p>
   </div>
   <div class='ocr_carea' id='block_1_2' title="bbox 366 516 2662 1104">
    <p class='ocr_par' dir='ltr' id='par_1_2' title="bbox 366 516 2662 1104">
     <span class='ocr_line' id='line_1_2' title="bbox 369 516 2657 595; baseline 0 -18"><span class='ocrx_word' id='word_1_5' title='bbox 369 522 484 577; x_wconf 76' lang='lat' dir='ltr'><strong>tica</strong></span> <span class='ocrx_word' id='word_1_6' title='bbox 531 527 586 577; x_wconf 89' lang='lat' dir='ltr'><strong>et</strong></span> <span class='ocrx_word' id='word_1_7' title='bbox 631 536 769 595; x_wconf 84' lang='lat' dir='ltr'><strong>quae</strong></span> <span class='ocrx_word' id='word_1_8' title='bbox 812 516 880 576; x_wconf 88' lang='lat' dir='ltr'><strong>ab</strong></span> <span class='ocrx_word' id='word_1_9' title='bbox 922 536 989 576; x_wconf 91' lang='lat' dir='ltr'><strong>eo</strong></span> <span class='ocrx_word' id='word_1_10' title='bbox 1032 519 1370 577; x_wconf 88' lang='lat' dir='ltr'><strong>descendunt</strong></span> <span class='ocrx_word' id='word_1_11' title='bbox 1413 520 1669 578; x_wconf 85' lang='lat' dir='ltr'><strong>vocabula</strong></span> <span class='ocrx_word' id='word_1_12' title='bbox 1700 520 1859 577; x_wconf 86' lang='lat' dir='ltr'><strong>etiam</strong></span> <span class='ocrx_word' id='word_1_13' title='bbox 1900 537 1998 594; x_wconf 87' lang='lat' dir='ltr'><strong>per</strong></span> <span class='ocrx_word' id='word_1_14' title='bbox 2038 539 2077 577; x_wconf 85' lang='lat' dir='ltr'><em>n</em></span> <span class='ocrx_word' id='word_1_15' title='bbox 2106 519 2447 590; x_wconf 87' lang='lat' dir='ltr'><strong>scribuntur;</strong></span> <span class='ocrx_word' id='word_1_16' title='bbox 2491 523 2657 578; x_wconf 87' lang='lat' dir='ltr'><strong>semel</strong></span> 
     </span>
     <span class='ocr_line' id='line_1_3' title="bbox 368 605 2662 677; baseline -0 -15"><span class='ocrx_word' id='word_1_17' title='bbox 368 608 527 663; x_wconf 86' lang='lat' dir='ltr'><strong>etiam</strong></span> <span class='ocrx_word' id='word_1_18' title='bbox 570 607 846 664; x_wconf 88' lang='lat' dir='ltr'><strong>invenitur</strong></span> <span class='ocrx_word' id='word_1_19' title='bbox 888 608 1175 663; x_wconf 67' lang='lat' dir='ltr'><strong>calantica</strong></span> <span class='ocrx_word' id='word_1_20' title='bbox 1209 606 1273 677; x_wconf 16' lang='lat' dir='ltr'><strong>‘iu</strong></span> <span class='ocrx_word' id='word_1_21' title='bbox 1319 605 1504 663; x_wconf 83' lang='lat' dir='ltr'><strong>codice</strong></span> <span class='ocrx_word' id='word_1_22' title='bbox 1533 605 1850 662; x_wconf 75' lang='lat' dir='ltr'><strong>&#39;faurinensi</strong></span> <span class='ocrx_word' id='word_1_23' title='bbox 1877 605 2152 662; x_wconf 82' lang='lat' dir='ltr'><strong>Ciceronis</strong></span> <span class='ocrx_word' id='word_1_24' title='bbox 2196 623 2278 662; x_wconf 91' lang='lat' dir='ltr'><strong>or.</strong></span> <span class='ocrx_word' id='word_1_25' title='bbox 2325 607 2379 662; x_wconf 92' lang='lat' dir='ltr'><strong>in</strong></span> <span class='ocrx_word' id='word_1_26' title='bbox 2423 606 2572 663; x_wconf 87' lang='lat' dir='ltr'><strong>Clod.</strong></span> <span class='ocrx_word' id='word_1_27' title='bbox 2606 614 2662 662; x_wconf 87' lang='lat' dir='ltr'><strong>et</strong></span> 
     </span>
     <span class='ocr_line' id='line_1_4' title="bbox 368 690 2660 764; baseline 0 -16"><span class='ocrx_word' id='word_1_28' title='bbox 368 693 492 748; x_wconf 87' lang='lat' dir='ltr'><strong>Cur.</strong></span> <span class='ocrx_word' id='word_1_29' title='bbox 540 690 687 764; x_wconf 83' lang='lat'><strong>530,</strong></span> <span class='ocrx_word' id='word_1_30' title='bbox 732 708 890 764; x_wconf 83' lang='lat' dir='ltr'><strong>quam</strong></span> <span class='ocrx_word' id='word_1_31' title='bbox 935 692 1200 748; x_wconf 86' lang='lat' dir='ltr'><strong>veriorem</strong></span> <span class='ocrx_word' id='word_1_32' title='bbox 1247 692 1471 748; x_wconf 78' lang='lat' dir='ltr'><strong>sormam</strong></span> <span class='ocrx_word' id='word_1_33' title='bbox 1515 690 1655 747; x_wconf 90' lang='lat' dir='ltr'><strong>male</strong></span> <span class='ocrx_word' id='word_1_34' title='bbox 1698 698 1854 764; x_wconf 84' lang='lat' dir='ltr'><strong>putat</strong></span> <span class='ocrx_word' id='word_1_35' title='bbox 1895 690 2259 746; x_wconf 83' lang='lat' dir='ltr'><strong>Franckenius</strong></span> <span class='ocrx_word' id='word_1_36' title='bbox 2301 690 2365 762; x_wconf 90' lang='lat' dir='ltr'><strong>ll,</strong></span> <span class='ocrx_word' id='word_1_37' title='bbox 2399 692 2498 749; x_wconf 85' lang='lat'><strong>33.</strong></span> <span class='ocrx_word' id='word_1_38' title='bbox 2567 708 2660 748; x_wconf 86' lang='lat' dir='ltr'><strong>ne·</strong></span> 
     </span>
     <span class='ocr_line' id='line_1_5' title="bbox 368 772 2660 850; baseline 0 -18"><span class='ocrx_word' id='word_1_39' title='bbox 368 793 476 850; x_wconf 90' lang='lat' dir='ltr'><strong>que</strong></span> <span class='ocrx_word' id='word_1_40' title='bbox 520 778 661 833; x_wconf 88' lang='lat' dir='ltr'><strong>enim</strong></span> <span class='ocrx_word' id='word_1_41' title='bbox 708 773 774 832; x_wconf 86' lang='lat' dir='ltr'><strong>ab</strong></span> <span class='ocrx_word' id='word_1_42' title='bbox 818 792 884 834; x_wconf 91' lang='lat' dir='ltr'><strong>eo</strong></span> <span class='ocrx_word' id='word_1_43' title='bbox 930 775 1076 850; x_wconf 84' lang='lat' dir='ltr'><strong>quod</strong></span> <span class='ocrx_word' id='word_1_44' title='bbox 1123 784 1208 832; x_wconf 86' lang='lat' dir='ltr'><strong>est</strong></span> <span class='ocrx_word' id='word_1_45' title='bbox 1257 780 1461 835; x_wconf 78' lang='lat' dir='ltr'><strong>calvus</strong></span> <span class='ocrx_word' id='word_1_46' title='bbox 1502 772 1786 834; x_wconf 86' lang='lat' dir='ltr'><strong>descendit</strong></span> <span class='ocrx_word' id='word_1_47' title='bbox 1837 791 1940 831; x_wconf 81' lang='lat' dir='ltr'><strong>vox</strong></span> <span class='ocrx_word' id='word_1_48' title='bbox 1992 774 2087 830; x_wconf 84' lang='lat' dir='ltr'><strong>sed</strong></span> <span class='ocrx_word' id='word_1_49' title='bbox 2141 774 2206 829; x_wconf 89' lang='lat' dir='ltr'><strong>ab</strong></span> <span class='ocrx_word' id='word_1_50' title='bbox 2262 775 2448 832; x_wconf 81' lang='lat' dir='ltr'><strong>eadem</strong></span> <span class='ocrx_word' id='word_1_51' title='bbox 2489 777 2660 849; x_wconf 81' lang='lat' dir='ltr'><strong>stirpe</strong></span> 
     </span>
     <span class='ocr_line' id='line_1_6' title="bbox 367 856 2656 935; baseline -0 -18"><span class='ocrx_word' id='word_1_52' title='bbox 367 877 471 935; x_wconf 88' lang='lat' dir='ltr'><strong>qua</strong></span> <span class='ocrx_word' id='word_1_53' title='bbox 518 864 899 919; x_wconf 76' lang='lat' dir='ltr'><em>caliendrum.</em></span> <span class='ocrx_word' id='word_1_54' title='bbox 944 891 1031 905; x_wconf 91' lang='lat'><strong>—-</strong></span> <span class='ocrx_word' id='word_1_55' title='bbox 1072 864 1310 934; x_wconf 84' lang='lat' dir='ltr'><strong>speculo</strong></span> <span class='ocrx_word' id='word_1_56' title='bbox 1352 863 1864 935; x_wconf 81' lang='lat' dir='ltr'><strong>despeculassere,</strong></span> <span class='ocrx_word' id='word_1_57' title='bbox 1910 862 1982 915; x_wconf 90' lang='lat' dir='ltr'><strong>ita</strong></span> <span class='ocrx_word' id='word_1_58' title='bbox 2028 856 2150 916; x_wconf 89' lang='lat' dir='ltr'><strong>alibi</strong></span> <span class='ocrx_word' id='word_1_59' title='bbox 2192 861 2414 933; x_wconf 72' lang='lat' dir='ltr'><strong>leyibus</strong></span> <span class='ocrx_word' id='word_1_60' title='bbox 2456 863 2656 918; x_wconf 78' lang='lat' dir='ltr'><strong>exlex.</strong></span> 
     </span>
     <span class='ocr_line' id='line_1_7' title="bbox 366 943 2658 1021; baseline -0.002 -17"><span class='ocrx_word' id='word_1_61' title='bbox 366 976 450 986; x_wconf 90' lang='lat'>—</span> <span class='ocrx_word' id='word_1_62' title='bbox 492 954 737 1004; x_wconf 85' lang='lat' dir='ltr'><strong>ceterum</strong></span> <span class='ocrx_word' id='word_1_63' title='bbox 782 946 887 1003; x_wconf 79' lang='lat' dir='ltr'><strong>fuit</strong></span> <span class='ocrx_word' id='word_1_64' title='bbox 930 963 1053 1003; x_wconf 92' lang='lat' dir='ltr'><strong>cum</strong></span> <span class='ocrx_word' id='word_1_65' title='bbox 1096 948 1401 1020; x_wconf 84' lang='lat' dir='ltr'><strong>suspicarer</strong></span> <span class='ocrx_word' id='word_1_66' title='bbox 1427 954 1657 1021; x_wconf 88' lang='lat' dir='ltr'><strong>propter</strong></span> <span class='ocrx_word' id='word_1_67' title='bbox 1698 944 1889 1001; x_wconf 84' lang='lat' dir='ltr'><strong>lemma</strong></span> <span class='ocrx_word' id='word_1_68' title='bbox 1935 946 2160 1001; x_wconf 85' lang='lat' dir='ltr'><strong>maxime</strong></span> <span class='ocrx_word' id='word_1_69' title='bbox 2191 943 2349 1000; x_wconf 87' lang='lat' dir='ltr'><strong>Nonii</strong></span> <span class='ocrx_word' id='word_1_70' title='bbox 2392 961 2658 1019; x_wconf 87' lang='lat' dir='ltr'><strong>reponen-</strong></span> 
     </span>
     <span class='ocr_line' id='line_1_8' title="bbox 366 1026 2658 1104; baseline -0 -18"><span class='ocrx_word' id='word_1_71' title='bbox 366 1031 496 1087; x_wconf 87' lang='lat' dir='ltr'><strong>dum</strong></span> <span class='ocrx_word' id='word_1_72' title='bbox 540 1048 664 1089; x_wconf 84' lang='lat' dir='ltr'><strong>esse</strong></span> <span class='ocrx_word' id='word_1_73' title='bbox 708 1033 868 1089; x_wconf 77' lang='lat' dir='ltr'><strong>etism</strong></span> <span class='ocrx_word' id='word_1_74' title='bbox 914 1032 1002 1089; x_wconf 87' lang='lat' dir='ltr'><strong>bic</strong></span> <span class='ocrx_word' id='word_1_75' title='bbox 1044 1033 1455 1103; x_wconf 84' lang='lat' dir='ltr'><strong>depeilassere.</strong></span> <span class='ocrx_word' id='word_1_76' title='bbox 1543 1047 1679 1104; x_wconf 72' lang='lat' dir='ltr'><strong>qnae</strong></span> <span class='ocrx_word' id='word_1_77' title='bbox 1723 1031 1770 1085; x_wconf 86' lang='lat' dir='ltr'><strong>si</strong></span> <span class='ocrx_word' id='word_1_78' title='bbox 1813 1036 1962 1086; x_wconf 87' lang='lat' dir='ltr'><strong>recte</strong></span> <span class='ocrx_word' id='word_1_79' title='bbox 2007 1026 2414 1103; x_wconf 81' lang='lat' dir='ltr'><strong>babet-opinio,</strong></span> <span class='ocrx_word' id='word_1_80' title='bbox 2461 1029 2658 1086; x_wconf 73' lang='lat' dir='ltr'><strong>diversi</strong></span> 
     </span>
    </p>
   </div>
   <div class='ocr_carea' id='block_1_3' title="bbox 276 1114 1724 1190">
    <p class='ocr_par' dir='ltr' id='par_1_3' title="bbox 276 1114 1724 1190">
     <span class='ocr_line' id='line_1_9' title="bbox 276 1114 1724 1190; baseline -0.001 -18"><span class='ocrx_word' id='word_1_81' title='bbox 276 1132 286 1145; x_wconf 57' lang='lat'>¹</span> <span class='ocrx_word' id='word_1_82' title='bbox 366 1115 525 1190; x_wconf 91' lang='lat' dir='ltr'><strong>locis,</strong></span> <span class='ocrx_word' id='word_1_83' title='bbox 570 1133 684 1174; x_wconf 94' lang='lat' dir='ltr'><strong>non</strong></span> <span class='ocrx_word' id='word_1_84' title='bbox 729 1117 973 1174; x_wconf 78' lang='lat' dir='ltr'><strong>continui</strong></span> <span class='ocrx_word' id='word_1_85' title='bbox 1018 1116 1145 1173; x_wconf 92' lang='lat' dir='ltr'><strong>olim</strong></span> <span class='ocrx_word' id='word_1_86' title='bbox 1193 1116 1345 1173; x_wconf 78' lang='lat' dir='ltr'><strong>suere</strong></span> <span class='ocrx_word' id='word_1_87' title='bbox 1391 1132 1578 1172; x_wconf 85' lang='lat' dir='ltr'><strong>versus</strong></span> <span class='ocrx_word' id='word_1_88' title='bbox 1623 1114 1724 1171; x_wconf 86' lang='lat' dir='ltr'><strong>illi.</strong></span> 
     </span>
    </p>
   </div>
   <div class='ocr_carea' id='block_1_4' title="bbox 367 1192 2733 1360">
    <p class='ocr_par' dir='ltr' id='par_1_4' title="bbox 367 1192 2733 1360">
     <span class='ocr_line' id='line_1_10' title="bbox 540 1192 2733 1273; baseline -0.002 -14"><span class='ocrx_word' id='word_1_89' title='bbox 540 1200 642 1259; x_wconf 83' lang='lat'><strong>59.</strong></span> <span class='ocrx_word' id='word_1_90' title='bbox 715 1201 849 1258; x_wconf 83' lang='lat' dir='ltr'><strong>haec</strong></span> <span class='ocrx_word' id='word_1_91' title='bbox 900 1202 947 1258; x_wconf 89' lang='lat' dir='ltr'><strong>si</strong></span> <span class='ocrx_word' id='word_1_92' title='bbox 1003 1208 1151 1257; x_wconf 87' lang='lat' dir='ltr'><strong>recte</strong></span> <span class='ocrx_word' id='word_1_93' title='bbox 1204 1202 1617 1272; x_wconf 88' lang='lat' dir='ltr'><strong>constituimus,</strong></span> <span class='ocrx_word' id='word_1_94' title='bbox 1679 1199 1868 1256; x_wconf 89' lang='lat' dir='ltr'><strong>irridet</strong></span> <span class='ocrx_word' id='word_1_95' title='bbox 1922 1199 2160 1255; x_wconf 83' lang='lat' dir='ltr'><strong>Lucilius</strong></span> <span class='ocrx_word' id='word_1_96' title='bbox 2212 1200 2654 1273; x_wconf 75' lang='lat' dir='ltr'><strong>superstitionem</strong></span> <span class='ocrx_word' id='word_1_97' title='bbox 2727 1192 2733 1199; x_wconf 74' lang='grc'><em>’</em></span> 
     </span>
     <span class='ocr_line' id='line_1_11' title="bbox 367 1283 2653 1360; baseline -0.001 -17"><span class='ocrx_word' id='word_1_98' title='bbox 367 1303 557 1344; x_wconf 90' lang='lat' dir='ltr'><strong>eorum</strong></span> <span class='ocrx_word' id='word_1_99' title='bbox 604 1288 697 1360; x_wconf 89' lang='lat' dir='ltr'><strong>qui</strong></span> <span class='ocrx_word' id='word_1_100' title='bbox 740 1283 960 1343; x_wconf 85' lang='lat' dir='ltr'><strong>arbores</strong></span> <span class='ocrx_word' id='word_1_101' title='bbox 1005 1287 1058 1342; x_wconf 88' lang='lat' dir='ltr'><strong>in</strong></span> <span class='ocrx_word' id='word_1_102' title='bbox 1087 1285 1227 1342; x_wconf 84' lang='lat' dir='ltr'><strong>lovis</strong></span> <span class='ocrx_word' id='word_1_103' title='bbox 1260 1287 1428 1342; x_wconf 87' lang='lat' dir='ltr'><strong>tutela</strong></span> <span class='ocrx_word' id='word_1_104' title='bbox 1458 1301 1580 1341; x_wconf 91' lang='lat' dir='ltr'><strong>esse</strong></span> <span class='ocrx_word' id='word_1_105' title='bbox 1609 1285 2000 1354; x_wconf 76' lang='lat' dir='ltr'><strong>existimarent,</strong></span> <span class='ocrx_word' id='word_1_106' title='bbox 2048 1299 2170 1339; x_wconf 85' lang='lat' dir='ltr'><strong>cum</strong></span> <span class='ocrx_word' id='word_1_107' title='bbox 2200 1284 2314 1358; x_wconf 85' lang='lat' dir='ltr'><strong>ipsc</strong></span> <span class='ocrx_word' id='word_1_108' title='bbox 2344 1284 2483 1340; x_wconf 83' lang='lat' dir='ltr'><strong>haud</strong></span> <span class='ocrx_word' id='word_1_109' title='bbox 2528 1301 2653 1340; x_wconf 86' lang='lat' dir='ltr'><strong>raro</strong></span> 
     </span>
    </p>
   </div>
   <div class='ocr_carea' id='block_1_5' title="bbox 368 1366 2655 1614">
    <p class='ocr_par' dir='ltr' id='par_1_5' title="bbox 368 1366 2655 1614">
     <span class='ocr_line' id='line_1_12' title="bbox 369 1366 2655 1442; baseline -0.002 -15"><span class='ocrx_word' id='word_1_110' title='bbox 369 1372 593 1428; x_wconf 75' lang='lat' dir='ltr'><strong>fulmine</strong></span> <span class='ocrx_word' id='word_1_111' title='bbox 621 1387 710 1427; x_wconf 83' lang='lat' dir='ltr'><strong>eas</strong></span> <span class='ocrx_word' id='word_1_112' title='bbox 739 1371 944 1428; x_wconf 79' lang='lat' dir='ltr'><strong>feriret.</strong></span> <span class='ocrx_word' id='word_1_113' title='bbox 988 1379 1074 1412; x_wconf 64' lang='grc' dir='ltr'><strong>ἕ-</strong></span> <span class='ocrx_word' id='word_1_114' title='bbox 1116 1373 1298 1441; x_wconf 79' lang='lat' dir='ltr'><strong>lutra,</strong></span> <span class='ocrx_word' id='word_1_115' title='bbox 1330 1369 1518 1426; x_wconf 87' lang='lat' dir='ltr'><strong>animal</strong></span> <span class='ocrx_word' id='word_1_116' title='bbox 1550 1369 1810 1425; x_wconf 76' lang='lat' dir='ltr'><strong>infestum</strong></span> <span class='ocrx_word' id='word_1_117' title='bbox 1840 1366 2152 1438; x_wconf 81' lang='lat' dir='ltr'><strong>arboribus3</strong></span> <span class='ocrx_word' id='word_1_118' title='bbox 2198 1368 2266 1424; x_wconf 87' lang='lat' dir='ltr'><strong>de</strong></span> <span class='ocrx_word' id='word_1_119' title='bbox 2295 1385 2401 1442; x_wconf 85' lang='lat' dir='ltr'><strong>qua</strong></span> <span class='ocrx_word' id='word_1_120' title='bbox 2432 1368 2655 1426; x_wconf 86' lang='lat' dir='ltr'><strong>videnda</strong></span> 
     </span>
     <span class='ocr_line' id='line_1_13' title="bbox 368 1450 2655 1530; baseline -0.001 -18"><span class='ocrx_word' id='word_1_121' title='bbox 368 1473 507 1530; x_wconf 88' lang='lat' dir='ltr'><strong>quae</strong></span> <span class='ocrx_word' id='word_1_122' title='bbox 550 1455 681 1512; x_wconf 87' lang='lat' dir='ltr'><strong>dicit</strong></span> <span class='ocrx_word' id='word_1_123' title='bbox 723 1455 891 1511; x_wconf 82' lang='lat' dir='ltr'><strong>Varro</strong></span> <span class='ocrx_word' id='word_1_124' title='bbox 937 1454 998 1526; x_wconf 87' lang='lat' dir='ltr'><strong>V,</strong></span> <span class='ocrx_word' id='word_1_125' title='bbox 1032 1455 1132 1513; x_wconf 84' lang='lat'><strong>79.</strong></span> <span class='ocrx_word' id='word_1_126' title='bbox 1183 1484 1258 1495; x_wconf 91' lang='lat'><strong>—-</strong></span> <span class='ocrx_word' id='word_1_127' title='bbox 1304 1455 1606 1525; x_wconf 81' lang='lat' dir='ltr'><strong>Albanum,</strong></span> <span class='ocrx_word' id='word_1_128' title='bbox 1656 1456 1778 1528; x_wconf 84' lang='lat' dir='ltr'><strong>quia</strong></span> <span class='ocrx_word' id='word_1_129' title='bbox 1823 1455 1876 1509; x_wconf 90' lang='lat' dir='ltr'><strong>in</strong></span> <span class='ocrx_word' id='word_1_130' title='bbox 1908 1461 2093 1509; x_wconf 87' lang='lat' dir='ltr'><strong>monte</strong></span> <span class='ocrx_word' id='word_1_131' title='bbox 2122 1450 2328 1509; x_wconf 77' lang='lat' dir='ltr'><strong>Albano</strong></span> <span class='ocrx_word' id='word_1_132' title='bbox 2373 1451 2655 1510; x_wconf 87' lang='lat' dir='ltr'><strong>celeberri-</strong></span> 
     </span>
     <span class='ocr_line' id='line_1_14' title="bbox 369 1538 2182 1614; baseline -0.002 -17"><span class='ocrx_word' id='word_1_133' title='bbox 369 1557 514 1597; x_wconf 90' lang='lat' dir='ltr'><strong>mum</strong></span> <span class='ocrx_word' id='word_1_134' title='bbox 558 1542 677 1598; x_wconf 86' lang='lat' dir='ltr'><strong>eius</strong></span> <span class='ocrx_word' id='word_1_135' title='bbox 718 1548 836 1597; x_wconf 70' lang='lat' dir='ltr'><strong>erat</strong></span> <span class='ocrx_word' id='word_1_136' title='bbox 876 1554 1104 1597; x_wconf 78' lang='lat' dir='ltr'><strong>sacrum.</strong></span> <span class='ocrx_word' id='word_1_137' title='bbox 1158 1569 1228 1581; x_wconf 89' lang='lat'><strong>-—</strong></span> <span class='ocrx_word' id='word_1_138' title='bbox 1272 1540 1611 1614; x_wconf 71' lang='lat' dir='ltr'><strong>fidyurilor,</strong></span> <span class='ocrx_word' id='word_1_139' title='bbox 1657 1539 1784 1595; x_wconf 83' lang='lat' dir='ltr'><strong>alias</strong></span> <span class='ocrx_word' id='word_1_140' title='bbox 1812 1538 2182 1612; x_wconf 64' lang='grc' dir='ltr'><strong>,βάρεα-αῖον.</strong></span> 
     </span>
    </p>
   </div>
   <div class='ocr_carea' id='block_1_6' title="bbox 363 1622 2650 1784">
    <p class='ocr_par' dir='ltr' id='par_1_6' title="bbox 363 1622 2650 1784">
     <span class='ocr_line' id='line_1_15' title="bbox 536 1622 2650 1700; baseline -0.002 -17"><span class='ocrx_word' id='word_1_141' title='bbox 536 1626 636 1684; x_wconf 90' lang='grc'><strong>60.</strong></span> <span class='ocrx_word' id='word_1_142' title='bbox 708 1633 947 1698; x_wconf 80' lang='lat' dir='ltr'><strong>nugatur</strong></span> <span class='ocrx_word' id='word_1_143' title='bbox 987 1625 1212 1682; x_wconf 83' lang='lat' dir='ltr'><strong>Nonius.</strong></span> <span class='ocrx_word' id='word_1_144' title='bbox 1296 1628 1524 1700; x_wconf 63' lang='lat' dir='ltr'><strong>genium</strong></span> <span class='ocrx_word' id='word_1_145' title='bbox 1568 1624 1894 1696; x_wconf 82' lang='lat' dir='ltr'><strong>defrudure</strong></span> <span class='ocrx_word' id='word_1_146' title='bbox 1937 1631 2021 1679; x_wconf 85' lang='lat' dir='ltr'><strong>est</strong></span> <span class='ocrx_word' id='word_1_147' title='bbox 2064 1622 2264 1680; x_wconf 80' lang='lat' dir='ltr'><strong>(lictum</strong></span> <span class='ocrx_word' id='word_1_148' title='bbox 2325 1630 2384 1678; x_wconf 89' lang='lat' dir='ltr'><strong>ut</strong></span> <span class='ocrx_word' id='word_1_149' title='bbox 2428 1624 2481 1678; x_wconf 90' lang='lat' dir='ltr'><strong>in</strong></span> <span class='ocrx_word' id='word_1_150' title='bbox 2528 1622 2650 1679; x_wconf 81' lang='lat' dir='ltr'><strong>Ter.</strong></span> 
     </span>
     <span class='ocr_line' id='line_1_16' title="bbox 363 1709 1130 1784; baseline -0.003 -18"><span class='ocrx_word' id='word_1_151' title='bbox 363 1710 710 1784; x_wconf 80' lang='lat' dir='ltr'><strong>Phormione,</strong></span> <span class='ocrx_word' id='word_1_152' title='bbox 754 1711 797 1783; x_wconf 90' lang='lat' dir='ltr'><strong>l,</strong></span> <span class='ocrx_word' id='word_1_153' title='bbox 836 1709 891 1781; x_wconf 88' lang='lat' dir='ltr'><strong>l,</strong></span> <span class='ocrx_word' id='word_1_154' title='bbox 924 1709 985 1781; x_wconf 83' lang='lat'><strong>9,</strong></span> <span class='ocrx_word' id='word_1_155' title='bbox 1026 1710 1130 1767; x_wconf 81' lang='lat'><strong>10:</strong></span> 
     </span>
    </p>
   </div>
   <div class='ocr_carea' id='block_1_7' title="bbox 618 1839 1943 2000">
    <p class='ocr_par' dir='ltr' id='par_1_7' title="bbox 618 1839 1943 2000">
     <span class='ocr_line' id='line_1_17' title="bbox 620 1839 1889 1914; baseline -0.001 -19"><span class='ocrx_word' id='word_1_156' title='bbox 620 1839 768 1914; x_wconf 88' lang='lat' dir='ltr'><strong>quod</strong></span> <span class='ocrx_word' id='word_1_157' title='bbox 810 1839 903 1897; x_wconf 89' lang='lat' dir='ltr'><strong>ille</strong></span> <span class='ocrx_word' id='word_1_158' title='bbox 948 1841 1201 1898; x_wconf 77' lang='lat' dir='ltr'><strong>unciatim</strong></span> <span class='ocrx_word' id='word_1_159' title='bbox 1244 1841 1329 1896; x_wconf 78' lang='lat' dir='ltr'><strong>vix</strong></span> <span class='ocrx_word' id='word_1_160' title='bbox 1373 1839 1441 1896; x_wconf 86' lang='lat' dir='ltr'><strong>de</strong></span> <span class='ocrx_word' id='word_1_161' title='bbox 1484 1840 1742 1896; x_wconf 86' lang='lat' dir='ltr'><strong>demenso</strong></span> <span class='ocrx_word' id='word_1_162' title='bbox 1786 1855 1889 1894; x_wconf 88' lang='lat' dir='ltr'><strong>suo</strong></span> 
     </span>
     <span class='ocr_line' id='line_1_18' title="bbox 618 1924 1943 2000; baseline -0.003 -19"><span class='ocrx_word' id='word_1_163' title='bbox 618 1942 778 1981; x_wconf 89' lang='lat' dir='ltr'><strong>suum</strong></span> <span class='ocrx_word' id='word_1_164' title='bbox 821 1924 1113 1982; x_wconf 78' lang='lat' dir='ltr'><strong>defrudans</strong></span> <span class='ocrx_word' id='word_1_165' title='bbox 1156 1926 1376 2000; x_wconf 77' lang='lat' dir='ltr'><strong>genium</strong></span> <span class='ocrx_word' id='word_1_166' title='bbox 1420 1926 1700 1999; x_wconf 86' lang='lat' dir='ltr'><strong>conpersit</strong></span> <span class='ocrx_word' id='word_1_167' title='bbox 1751 1925 1943 1991; x_wconf 83' lang='lat' dir='ltr'><strong>miser3</strong></span> 
     </span>
    </p>
   </div>
   <div class='ocr_carea' id='block_1_8' title="bbox 329 2061 2652 4432">
    <p class='ocr_par' dir='ltr' id='par_1_8' title="bbox 363 2061 2651 2392">
     <span class='ocr_line' id='line_1_19' title="bbox 364 2061 2650 2137; baseline -0.001 -15"><span class='ocrx_word' id='word_1_168' title='bbox 364 2064 433 2122; x_wconf 86' lang='lat' dir='ltr'><strong>cl’.</strong></span> <span class='ocrx_word' id='word_1_169' title='bbox 483 2072 540 2120; x_wconf 92' lang='lat' dir='ltr'><strong>et</strong></span> <span class='ocrx_word' id='word_1_170' title='bbox 566 2064 742 2121; x_wconf 87' lang='lat' dir='ltr'><strong>Plaut.</strong></span> <span class='ocrx_word' id='word_1_171' title='bbox 789 2062 969 2123; x_wconf 88' lang='lat' dir='ltr'><strong>Aulul.</strong></span> <span class='ocrx_word' id='word_1_172' title='bbox 1003 2061 1112 2133; x_wconf 89' lang='lat' dir='ltr'><strong>llll,</strong></span> <span class='ocrx_word' id='word_1_173' title='bbox 1146 2064 1202 2135; x_wconf 89' lang='grc'><strong>9,</strong></span> <span class='ocrx_word' id='word_1_174' title='bbox 1241 2063 1348 2132; x_wconf 85' lang='grc'><strong>14;</strong></span> <span class='ocrx_word' id='word_1_175' title='bbox 1392 2064 1466 2119; x_wconf 89' lang='lat' dir='ltr'><strong>ita</strong></span> <span class='ocrx_word' id='word_1_176' title='bbox 1511 2063 1640 2119; x_wconf 87' lang='lat' dir='ltr'><strong>alias</strong></span> <span class='ocrx_word' id='word_1_177' title='bbox 1682 2066 1848 2137; x_wconf 74' lang='lat' dir='ltr'><strong>qenio</strong></span> <span class='ocrx_word' id='word_1_178' title='bbox 1892 2063 2206 2136; x_wconf 73' lang='lat' dir='ltr'><strong>indulqerc.</strong></span> <span class='ocrx_word' id='word_1_179' title='bbox 2250 2093 2333 2103; x_wconf 92' lang='lat'><strong>—-</strong></span> <span class='ocrx_word' id='word_1_180' title='bbox 2377 2062 2650 2134; x_wconf 80' lang='lat' dir='ltr'><strong>defrudet</strong></span> 
     </span>
     <span class='ocr_line' id='line_1_20' title="bbox 364 2146 2649 2222; baseline -0 -17"><span class='ocrx_word' id='word_1_181' title='bbox 364 2165 465 2222; x_wconf 84' lang='lat' dir='ltr'><strong>pro</strong></span> <span class='ocrx_word' id='word_1_182' title='bbox 509 2148 851 2221; x_wconf 80' lang='lat' dir='ltr'><strong>defraudet,</strong></span> <span class='ocrx_word' id='word_1_183' title='bbox 912 2164 1048 2221; x_wconf 86' lang='lat' dir='ltr'><strong>quae</strong></span> <span class='ocrx_word' id='word_1_184' title='bbox 1103 2156 1157 2204; x_wconf 83' lang='lat' dir='ltr'><strong>ct</strong></span> <span class='ocrx_word' id='word_1_185' title='bbox 1212 2150 1324 2222; x_wconf 82' lang='lat' dir='ltr'><strong>ipsa</strong></span> <span class='ocrx_word' id='word_1_186' title='bbox 1369 2147 1505 2205; x_wconf 88' lang='lat' dir='ltr'><strong>bene</strong></span> <span class='ocrx_word' id='word_1_187' title='bbox 1549 2147 1712 2204; x_wconf 87' lang='lat' dir='ltr'><strong>habet</strong></span> <span class='ocrx_word' id='word_1_188' title='bbox 1755 2147 1957 2215; x_wconf 75' lang='lat' dir='ltr'><strong>sorma3</strong></span> <span class='ocrx_word' id='word_1_189' title='bbox 2008 2155 2112 2202; x_wconf 85' lang='lat' dir='ltr'><strong>cet.</strong></span> <span class='ocrx_word' id='word_1_190' title='bbox 2161 2147 2264 2203; x_wconf 85' lang='lat' dir='ltr'><strong>vid.</strong></span> <span class='ocrx_word' id='word_1_191' title='bbox 2311 2146 2516 2203; x_wconf 80' lang='lat' dir='ltr'><strong>Ritscli.</strong></span> <span class='ocrx_word' id='word_1_192' title='bbox 2563 2164 2649 2221; x_wconf 83' lang='lat' dir='ltr'><strong>op.</strong></span> 
     </span>
     <span class='ocr_line' id='line_1_21' title="bbox 363 2231 2651 2309; baseline -0.001 -20"><span class='ocrx_word' id='word_1_193' title='bbox 363 2233 426 2304; x_wconf 80' lang='lat' dir='ltr'><strong>ll,</strong></span> <span class='ocrx_word' id='word_1_194' title='bbox 456 2232 614 2301; x_wconf 81' lang='lat'>424;</span> <span class='ocrx_word' id='word_1_195' title='bbox 660 2250 873 2309; x_wconf 81' lang='lat' dir='ltr'><strong>parerg.</strong></span> <span class='ocrx_word' id='word_1_196' title='bbox 921 2231 1047 2290; x_wconf 86' lang='grc'><strong>540</strong></span> <span class='ocrx_word' id='word_1_197' title='bbox 1076 2250 1196 2307; x_wconf 87' lang='lat' dir='ltr'><strong>sqq.</strong></span> <span class='ocrx_word' id='word_1_198' title='bbox 1248 2263 1327 2275; x_wconf 89' lang='lat'>—</span> <span class='ocrx_word' id='word_1_199' title='bbox 1380 2235 1427 2291; x_wconf 83' lang='lat' dir='ltr'><strong>li</strong></span> <span class='ocrx_word' id='word_1_200' title='bbox 1460 2239 1684 2306; x_wconf 81' lang='lat' dir='ltr'><strong>parcat</strong></span> <span class='ocrx_word' id='word_1_201' title='bbox 1727 2233 1764 2289; x_wconf 90' lang='lat' dir='ltr'><strong>i.</strong></span> <span class='ocrx_word' id='word_1_202' title='bbox 1810 2249 1860 2289; x_wconf 90' lang='lat' dir='ltr'><strong>e.</strong></span> <span class='ocrx_word' id='word_1_203' title='bbox 1914 2239 2133 2294; x_wconf 82' lang='lat' dir='ltr'><strong>servel‚·</strong></span> <span class='ocrx_word' id='word_1_204' title='bbox 2177 2232 2247 2288; x_wconf 88' lang='lat' dir='ltr'><strong>cl&#39;.</strong></span> <span class='ocrx_word' id='word_1_205' title='bbox 2293 2231 2490 2303; x_wconf 82' lang='lat' dir='ltr'><strong>XXVH,</strong></span> <span class='ocrx_word' id='word_1_206' title='bbox 2537 2232 2651 2301; x_wconf 76' lang='lat'><strong>243</strong></span> 
     </span>
     <span class='ocr_line' id='line_1_22' title="bbox 364 2315 2649 2392; baseline -0.001 -17"><span class='ocrx_word' id='word_1_207' title='bbox 364 2320 468 2375; x_wconf 90' lang='lat' dir='ltr'><strong>inc.</strong></span> <span class='ocrx_word' id='word_1_208' title='bbox 521 2317 686 2376; x_wconf 88' lang='lat'>118..</span> <span class='ocrx_word' id='word_1_209' title='bbox 728 2348 812 2358; x_wconf 90' lang='lat'><strong>—-</strong></span> <span class='ocrx_word' id='word_1_210' title='bbox 855 2321 903 2375; x_wconf 80' lang='lat' dir='ltr'><strong>ei</strong></span> <span class='ocrx_word' id='word_1_211' title='bbox 943 2334 1042 2391; x_wconf 89' lang='lat' dir='ltr'><strong>pro</strong></span> <span class='ocrx_word' id='word_1_212' title='bbox 1093 2319 1205 2392; x_wconf 82' lang='lat' dir='ltr'><strong>illi3</strong></span> <span class='ocrx_word' id='word_1_213' title='bbox 1254 2319 1326 2373; x_wconf 90' lang='lat' dir='ltr'><strong>ita</strong></span> <span class='ocrx_word' id='word_1_214' title='bbox 1371 2325 1427 2374; x_wconf 87' lang='lat' dir='ltr'><strong>et</strong></span> <span class='ocrx_word' id='word_1_215' title='bbox 1471 2326 1646 2374; x_wconf 89' lang='lat' dir='ltr'><strong>metro</strong></span> <span class='ocrx_word' id='word_1_216' title='bbox 1692 2325 1747 2374; x_wconf 91' lang='lat' dir='ltr'><strong>et</strong></span> <span class='ocrx_word' id='word_1_217' title='bbox 1791 2333 1958 2372; x_wconf 87' lang='lat' dir='ltr'><strong>sensu</strong></span> <span class='ocrx_word' id='word_1_218' title='bbox 2000 2315 2260 2372; x_wconf 77' lang='lat' dir='ltr'><strong>suadente</strong></span> <span class='ocrx_word' id='word_1_219' title='bbox 2290 2317 2649 2391; x_wconf 78' lang='lat' dir='ltr'><strong>reposuimus,</strong></span> 
     </span>
    </p>

    <p class='ocr_par' dir='ltr' id='par_1_9' title="bbox 364 2392 2650 2563">
     <span class='ocr_line' id='line_1_23' title="bbox 535 2392 2650 2478; baseline -0 -19"><span class='ocrx_word' id='word_1_220' title='bbox 535 2402 633 2460; x_wconf 91' lang='grc'><strong>61.</strong></span> <span class='ocrx_word' id='word_1_221' title='bbox 706 2403 838 2459; x_wconf 84' lang='lat' dir='ltr'><strong>baec</strong></span> <span class='ocrx_word' id='word_1_222' title='bbox 902 2403 1067 2476; x_wconf 83' lang='lat' dir='ltr'><strong>petita</strong></span> <span class='ocrx_word' id='word_1_223' title='bbox 1123 2419 1189 2458; x_wconf 84' lang='lat' dir='ltr'><strong>ex</strong></span> <span class='ocrx_word' id='word_1_224' title='bbox 1255 2402 1620 2478; x_wconf 87' lang='lat' dir='ltr'><strong>descriptione</strong></span> <span class='ocrx_word' id='word_1_225' title='bbox 1675 2406 1781 2458; x_wconf 84' lang='grc' dir='ltr'><strong>τοῦ</strong></span> <span class='ocrx_word' id='word_1_226' title='bbox 1836 2392 2162 2457; x_wconf 72' lang='grc' dir='ltr'><strong>ἀδυνάτου.</strong></span> <span class='ocrx_word' id='word_1_227' title='bbox 2221 2431 2304 2440; x_wconf 94' lang='lat'><strong>—-</strong></span> <span class='ocrx_word' id='word_1_228' title='bbox 2346 2398 2392 2457; x_wconf 49' lang='lat' dir='ltr'><strong>*e</strong></span> <span class='ocrx_word' id='word_1_229' title='bbox 2447 2417 2650 2472; x_wconf 74' lang='lat' dir='ltr'><strong>caena,</strong></span> 
     </span>
     <span class='ocr_line' id='line_1_24' title="bbox 364 2486 2226 2563; baseline -0.001 -18"><span class='ocrx_word' id='word_1_230' title='bbox 364 2489 539 2545; x_wconf 91' lang='lat' dir='ltr'><strong>minus</strong></span> <span class='ocrx_word' id='word_1_231' title='bbox 586 2487 721 2544; x_wconf 89' lang='lat' dir='ltr'><strong>bene</strong></span> <span class='ocrx_word' id='word_1_232' title='bbox 764 2487 1335 2563; x_wconf 80' lang='lat' dir='ltr'><strong>propter·euphoniae</strong></span> <span class='ocrx_word' id='word_1_233' title='bbox 1379 2487 1556 2560; x_wconf 80' lang='lat' dir='ltr'><strong>legem</strong></span> <span class='ocrx_word' id='word_1_234' title='bbox 1598 2486 1869 2544; x_wconf 86' lang='lat' dir='ltr'><strong>scribetur</strong></span> <span class='ocrx_word' id='word_1_235' title='bbox 1915 2502 1982 2544; x_wconf 86' lang='lat' dir='ltr'><strong>ec</strong></span> <span class='ocrx_word' id='word_1_236' title='bbox 2023 2502 2226 2545; x_wconf 85' lang='lat' dir='ltr'><strong>caeno.</strong></span> 
     </span>
    </p>

    <p class='ocr_par' dir='ltr' id='par_1_10' title="bbox 360 2571 2652 3494">
     <span class='ocr_line' id='line_1_25' title="bbox 535 2571 2652 2647; baseline -0.002 -16"><span class='ocrx_word' id='word_1_237' title='bbox 535 2573 635 2631; x_wconf 81' lang='lat'><strong>62.</strong></span> <span class='ocrx_word' id='word_1_238' title='bbox 691 2575 928 2630; x_wconf 82' lang='lat' dir='ltr'><strong>rediisse</strong></span> <span class='ocrx_word' id='word_1_239' title='bbox 959 2589 1031 2629; x_wconf 85' lang='lat' dir='ltr'><strong>ac</strong></span> <span class='ocrx_word' id='word_1_240' title='bbox 1059 2574 1404 2645; x_wconf 82' lang='lat' dir='ltr'><strong>repedasse;</strong></span> <span class='ocrx_word' id='word_1_241' title='bbox 1448 2579 1576 2629; x_wconf 91' lang='lat' dir='ltr'><strong>nota</strong></span> <span class='ocrx_word' id='word_1_242' title='bbox 1621 2589 2048 2647; x_wconf 81' lang='lat' dir='ltr'><strong>synonymorum</strong></span> <span class='ocrx_word' id='word_1_243' title='bbox 2093 2571 2469 2628; x_wconf 84' lang='lat' dir='ltr'><strong>abundantiam</strong></span> <span class='ocrx_word' id='word_1_244' title='bbox 2516 2588 2652 2646; x_wconf 83' lang='lat' dir='ltr'><strong>quae</strong></span> 
     </span>
     <span class='ocr_line' id='line_1_26' title="bbox 363 2657 2652 2733; baseline -0.001 -19"><span class='ocrx_word' id='word_1_245' title='bbox 363 2659 622 2732; x_wconf 76' lang='lat' dir='ltr'><strong>frequens</strong></span> <span class='ocrx_word' id='word_1_246' title='bbox 666 2659 845 2733; x_wconf 86' lang='lat' dir='ltr'><strong>poetis</strong></span> <span class='ocrx_word' id='word_1_247' title='bbox 890 2659 1115 2714; x_wconf 88' lang='lat' dir='ltr'><strong>vetustis</strong></span> <span class='ocrx_word' id='word_1_248' title='bbox 1159 2658 1360 2714; x_wconf 90' lang='lat' dir='ltr'><strong>Latinis</strong></span> <span class='ocrx_word' id='word_1_249' title='bbox 1405 2665 1631 2732; x_wconf 88' lang='lat' dir='ltr'><strong>propter</strong></span> <span class='ocrx_word' id='word_1_250' title='bbox 1659 2658 2036 2713; x_wconf 90' lang='lat' dir='ltr'><strong>necessitatem</strong></span> <span class='ocrx_word' id='word_1_251' title='bbox 2080 2657 2258 2713; x_wconf 89' lang='lat' dir='ltr'><strong>metri.</strong></span> <span class='ocrx_word' id='word_1_252' title='bbox 2305 2687 2388 2696; x_wconf 90' lang='lat'><strong>-—</strong></span> <span class='ocrx_word' id='word_1_253' title='bbox 2429 2658 2652 2730; x_wconf 77' lang='grc' dir='ltr'><em>91αάιά-</em></span> 
     </span>
     <span class='ocr_line' id='line_1_27' title="bbox 363 2740 2652 2818; baseline -0.001 -18"><span class='ocrx_word' id='word_1_254' title='bbox 363 2741 583 2800; x_wconf 79' lang='lat' dir='ltr'><strong>toribus</strong></span> <span class='ocrx_word' id='word_1_255' title='bbox 626 2743 681 2800; x_wconf 85' lang='lat' dir='ltr'><strong>h.</strong></span> <span class='ocrx_word' id='word_1_256' title='bbox 714 2758 764 2799; x_wconf 91' lang='lat' dir='ltr'><strong>e.</strong></span> <span class='ocrx_word' id='word_1_257' title='bbox 809 2740 1025 2816; x_wconf 87' lang='lat' dir='ltr'><strong>quando</strong></span> <span class='ocrx_word' id='word_1_258' title='bbox 1069 2742 1249 2799; x_wconf 84' lang='lat' dir='ltr'><strong>editur</strong></span> <span class='ocrx_word' id='word_1_259' title='bbox 1290 2758 1496 2818; x_wconf 76' lang='lat' dir='ltr'><strong>munus</strong></span> <span class='ocrx_word' id='word_1_260' title='bbox 1522 2743 1967 2816; x_wconf 51' lang='lat' dir='ltr'><strong>qladiatoriumg</strong></span> <span class='ocrx_word' id='word_1_261' title='bbox 2010 2748 2068 2797; x_wconf 90' lang='lat' dir='ltr'><strong>ut</strong></span> <span class='ocrx_word' id='word_1_262' title='bbox 2113 2740 2187 2796; x_wconf 88' lang='lat' dir='ltr'><strong>ait</strong></span> <span class='ocrx_word' id='word_1_263' title='bbox 2215 2740 2401 2797; x_wconf 87' lang='lat' dir='ltr'><strong>Cicero</strong></span> <span class='ocrx_word' id='word_1_264' title='bbox 2446 2741 2501 2796; x_wconf 91' lang='lat' dir='ltr'><strong>in</strong></span> <span class='ocrx_word' id='word_1_265' title='bbox 2537 2742 2652 2815; x_wconf 85' lang='lat' dir='ltr'><strong>epi·</strong></span> 
     </span>
     <span class='ocr_line' id='line_1_28' title="bbox 361 2823 2650 2901; baseline -0.001 -17"><span class='ocrx_word' id='word_1_266' title='bbox 361 2828 521 2884; x_wconf 89' lang='lat' dir='ltr'><strong>stulis</strong></span> <span class='ocrx_word' id='word_1_267' title='bbox 566 2826 629 2883; x_wconf 86' lang='lat' dir='ltr'><strong>ad</strong></span> <span class='ocrx_word' id='word_1_268' title='bbox 677 2828 911 2884; x_wconf 83' lang='lat' dir='ltr'><strong>Atticum</strong></span> <span class='ocrx_word' id='word_1_269' title='bbox 956 2824 1368 2901; x_wconf 73' lang='lat' dir='ltr'><strong>‘gladiatoribus</strong></span> <span class='ocrx_word' id='word_1_270' title='bbox 1398 2843 1519 2883; x_wconf 88' lang='lat' dir='ltr'><strong>esse</strong></span> <span class='ocrx_word' id='word_1_271' title='bbox 1548 2826 1800 2894; x_wconf 87' lang='lat' dir='ltr'><strong>R0111ae’;</strong></span> <span class='ocrx_word' id='word_1_272' title='bbox 1844 2833 1902 2883; x_wconf 88' lang='lat' dir='ltr'><strong>et</strong></span> <span class='ocrx_word' id='word_1_273' title='bbox 1943 2824 2132 2882; x_wconf 79' lang='lat' dir='ltr'><strong>similia</strong></span> <span class='ocrx_word' id='word_1_274' title='bbox 2178 2840 2338 2899; x_wconf 84' lang='lat' dir='ltr'><strong>saepe</strong></span> <span class='ocrx_word' id='word_1_275' title='bbox 2377 2823 2518 2881; x_wconf 88' lang='lat' dir='ltr'><strong>alibi.</strong></span> <span class='ocrx_word' id='word_1_276' title='bbox 2567 2855 2650 2866; x_wconf 92' lang='lat'><strong>—-</strong></span> 
     </span>
     <span class='ocr_line' id='line_1_29' title="bbox 360 2910 2651 2986; baseline -0.001 -17"><span class='ocrx_word' id='word_1_277' title='bbox 360 2920 605 2969; x_wconf 89' lang='lat' dir='ltr'><strong>ceterum</strong></span> <span class='ocrx_word' id='word_1_278' title='bbox 647 2928 751 2986; x_wconf 92' lang='lat' dir='ltr'><strong>pro</strong></span> <span class='ocrx_word' id='word_1_279' title='bbox 794 2911 890 2968; x_wconf 89' lang='lat' dir='ltr'><strong>illo</strong></span> <span class='ocrx_word' id='word_1_280' title='bbox 932 2912 1073 2968; x_wconf 69' lang='lat' dir='ltr'><strong>bita!</strong></span> <span class='ocrx_word' id='word_1_281' title='bbox 1115 2912 1169 2967; x_wconf 90' lang='lat' dir='ltr'><strong>in</strong></span> <span class='ocrx_word' id='word_1_282' title='bbox 1214 2910 1333 2967; x_wconf 89' lang='lat' dir='ltr'><strong>cdd.</strong></span> <span class='ocrx_word' id='word_1_283' title='bbox 1380 2910 1489 2985; x_wconf 81' lang='lat' dir='ltr'><strong>leg.</strong></span> <span class='ocrx_word' id='word_1_284' title='bbox 1537 2916 1687 2982; x_wconf 84' lang='lat' dir='ltr'><strong>vitet,</strong></span> <span class='ocrx_word' id='word_1_285' title='bbox 1733 2911 1819 2966; x_wconf 82' lang='lat' dir='ltr'><strong>vix</strong></span> <span class='ocrx_word' id='word_1_286' title='bbox 1861 2919 2046 2980; x_wconf 87' lang='lat' dir='ltr'><strong>recte;</strong></span> <span class='ocrx_word' id='word_1_287' title='bbox 2092 2927 2213 2966; x_wconf 90' lang='lat' dir='ltr'><strong>nam</strong></span> <span class='ocrx_word' id='word_1_288' title='bbox 2258 2910 2359 2966; x_wconf 90' lang='lat' dir='ltr'><strong>etsi</strong></span> <span class='ocrx_word' id='word_1_289' title='bbox 2405 2927 2512 2966; x_wconf 85' lang='lat' dir='ltr'><strong>non</strong></span> <span class='ocrx_word' id='word_1_290' title='bbox 2557 2911 2651 2967; x_wconf 85' lang='lat' dir='ltr'><strong>de·</strong></span> 
     </span>
     <span class='ocr_line' id='line_1_30' title="bbox 363 2992 2650 3071; baseline 0 -19"><span class='ocrx_word' id='word_1_291' title='bbox 363 2997 587 3054; x_wconf 80' lang='lat' dir='ltr'><strong>suerunt</strong></span> <span class='ocrx_word' id='word_1_292' title='bbox 629 2994 963 3070; x_wconf 86' lang='lat' dir='ltr'><strong>temporibus</strong></span> <span class='ocrx_word' id='word_1_293' title='bbox 1019 2995 1125 3052; x_wconf 81' lang='lat' dir='ltr'><strong>illis</strong></span> <span class='ocrx_word' id='word_1_294' title='bbox 1187 2996 1279 3070; x_wconf 91' lang='lat' dir='ltr'><strong>qui</strong></span> <span class='ocrx_word' id='word_1_295' title='bbox 1323 2995 1683 3071; x_wconf 78' lang='lat' dir='ltr'><strong>gladiatorum</strong></span> <span class='ocrx_word' id='word_1_296' title='bbox 1735 2994 2038 3069; x_wconf 87' lang='lat' dir='ltr'><strong>spectacula</strong></span> <span class='ocrx_word' id='word_1_297' title='bbox 2084 2992 2438 3069; x_wconf 85' lang='lat' dir='ltr'><strong>inprobarent</strong></span> <span class='ocrx_word' id='word_1_298' title='bbox 2488 2993 2650 3070; x_wconf 87' lang='lat' dir='ltr'><strong>(unde</strong></span> 
     </span>
     <span class='ocr_line' id='line_1_31' title="bbox 361 3078 2650 3155; baseline -0.001 -17"><span class='ocrx_word' id='word_1_299' title='bbox 361 3081 420 3138; x_wconf 90' lang='lat' dir='ltr'><strong>P.</strong></span> <span class='ocrx_word' id='word_1_300' title='bbox 468 3080 823 3155; x_wconf 87' lang='lat' dir='ltr'><strong>Sempronius</strong></span> <span class='ocrx_word' id='word_1_301' title='bbox 867 3081 1083 3154; x_wconf 87' lang='lat' dir='ltr'><strong>Sophus</strong></span> <span class='ocrx_word' id='word_1_302' title='bbox 1126 3095 1276 3137; x_wconf 88' lang='lat' dir='ltr'><strong>cons.</strong></span> <span class='ocrx_word' id='word_1_303' title='bbox 1322 3096 1369 3137; x_wconf 89' lang='lat' dir='ltr'><strong>a.</strong></span> <span class='ocrx_word' id='word_1_304' title='bbox 1404 3078 1526 3138; x_wconf 89' lang='grc'><strong>486</strong></span> <span class='ocrx_word' id='word_1_305' title='bbox 1573 3081 1730 3136; x_wconf 84' lang='lat' dir='ltr'><strong>uxori</strong></span> <span class='ocrx_word' id='word_1_306' title='bbox 1774 3080 1980 3137; x_wconf 88' lang='lat' dir='ltr'><strong>remisit</strong></span> <span class='ocrx_word' id='word_1_307' title='bbox 2008 3079 2297 3153; x_wconf 88' lang='lat' dir='ltr'><strong>repudium</strong></span> <span class='ocrx_word' id='word_1_308' title='bbox 2341 3080 2464 3152; x_wconf 88' lang='lat' dir='ltr'><strong>quia</strong></span> <span class='ocrx_word' id='word_1_309' title='bbox 2509 3080 2650 3136; x_wconf 88' lang='lat' dir='ltr'><strong>ludis</strong></span> 
     </span>
     <span class='ocr_line' id='line_1_32' title="bbox 360 3162 2651 3241; baseline -0.002 -18"><span class='ocrx_word' id='word_1_310' title='bbox 360 3165 467 3223; x_wconf 91' lang='lat' dir='ltr'><strong>illis</strong></span> <span class='ocrx_word' id='word_1_311' title='bbox 498 3164 787 3236; x_wconf 77' lang='lat' dir='ltr'><strong>adsuerat),</strong></span> <span class='ocrx_word' id='word_1_312' title='bbox 809 3165 976 3241; x_wconf 85' lang='lat' dir='ltr'><strong>longe</strong></span> <span class='ocrx_word' id='word_1_313' title='bbox 1001 3172 1177 3221; x_wconf 87' lang='lat' dir='ltr'><strong>tamen</strong></span> <span class='ocrx_word' id='word_1_314' title='bbox 1206 3165 1391 3239; x_wconf 88' lang='lat' dir='ltr'><strong>plures</strong></span> <span class='ocrx_word' id='word_1_315' title='bbox 1423 3164 1576 3221; x_wconf 78' lang='lat' dir='ltr'><strong>suere</strong></span> <span class='ocrx_word' id='word_1_316' title='bbox 1605 3167 1710 3221; x_wconf 88' lang='lat' dir='ltr'><strong>iam</strong></span> <span class='ocrx_word' id='word_1_317' title='bbox 1738 3170 1852 3220; x_wconf 89' lang='lat' dir='ltr'><strong>tum</strong></span> <span class='ocrx_word' id='word_1_318' title='bbox 1882 3165 1974 3237; x_wconf 89' lang='lat' dir='ltr'><strong>qui</strong></span> <span class='ocrx_word' id='word_1_319' title='bbox 2004 3162 2422 3239; x_wconf 81' lang='lat' dir='ltr'><strong>flagrantissimo</strong></span> <span class='ocrx_word' id='word_1_320' title='bbox 2445 3164 2651 3221; x_wconf 87' lang='lat' dir='ltr'><strong>visendi</strong></span> 
     </span>
     <span class='ocr_line' id='line_1_33' title="bbox 362 3247 2650 3324; baseline -0.002 -17"><span class='ocrx_word' id='word_1_321' title='bbox 362 3249 583 3308; x_wconf 87' lang='lat' dir='ltr'><strong>eosdem</strong></span> <span class='ocrx_word' id='word_1_322' title='bbox 625 3248 807 3307; x_wconf 87' lang='lat' dir='ltr'><strong>studio</strong></span> <span class='ocrx_word' id='word_1_323' title='bbox 854 3257 1186 3307; x_wconf 88' lang='lat' dir='ltr'><strong>tenerentur.</strong></span> <span class='ocrx_word' id='word_1_324' title='bbox 1259 3266 1396 3323; x_wconf 86' lang='lat' dir='ltr'><strong>quae</strong></span> <span class='ocrx_word' id='word_1_325' title='bbox 1439 3248 1632 3306; x_wconf 85' lang='lat' dir='ltr'><strong>deinde</strong></span> <span class='ocrx_word' id='word_1_326' title='bbox 1675 3249 1821 3306; x_wconf 84' lang='lat' dir='ltr'><strong>velut</strong></span> <span class='ocrx_word' id='word_1_327' title='bbox 1852 3266 2159 3324; x_wconf 80' lang='lat' dir='ltr'><strong>gangraena</strong></span> <span class='ocrx_word' id='word_1_328' title='bbox 2189 3247 2446 3322; x_wconf 88' lang='lat' dir='ltr'><strong>quaedam</strong></span> <span class='ocrx_word' id='word_1_329' title='bbox 2476 3265 2650 3322; x_wconf 89' lang='lat' dir='ltr'><strong>popu-</strong></span> 
     </span>
     <span class='ocr_line' id='line_1_34' title="bbox 360 3330 2649 3410; baseline -0.001 -18"><span class='ocrx_word' id='word_1_330' title='bbox 360 3335 472 3392; x_wconf 93' lang='lat' dir='ltr'><strong>lum</strong></span> <span class='ocrx_word' id='word_1_331' title='bbox 500 3333 801 3391; x_wconf 88' lang='lat' dir='ltr'><strong>Romanum</strong></span> <span class='ocrx_word' id='word_1_332' title='bbox 829 3335 1064 3409; x_wconf 88' lang='lat' dir='ltr'><strong>pervasit</strong></span> <span class='ocrx_word' id='word_1_333' title='bbox 1094 3332 1380 3410; x_wconf 61' lang='lat' dir='ltr'><strong>cupiditas</strong></span> <span class='ocrx_word' id='word_1_334' title='bbox 1413 3364 1495 3377; x_wconf 91' lang='lat'><strong>—-</strong></span> <span class='ocrx_word' id='word_1_335' title='bbox 1539 3337 1673 3391; x_wconf 78' lang='lat' dir='ltr'><strong>vitet</strong></span> <span class='ocrx_word' id='word_1_336' title='bbox 1700 3350 1801 3408; x_wconf 92' lang='lat' dir='ltr'><strong>pro</strong></span> <span class='ocrx_word' id='word_1_337' title='bbox 1835 3334 1976 3391; x_wconf 75' lang='lat' dir='ltr'><strong>bilai</strong></span> <span class='ocrx_word' id='word_1_338' title='bbox 2006 3341 2067 3389; x_wconf 89' lang='lat' dir='ltr'><strong>ut</strong></span> <span class='ocrx_word' id='word_1_339' title='bbox 2102 3330 2242 3405; x_wconf 86' lang='lat'><strong>154,</strong></span> <span class='ocrx_word' id='word_1_340' title='bbox 2274 3333 2311 3389; x_wconf 89' lang='lat'><strong>3</strong></span> <span class='ocrx_word' id='word_1_341' title='bbox 2337 3335 2649 3404; x_wconf 81' lang='lat' dir='ltr'><strong>providere</strong></span> 
     </span>
     <span class='ocr_line' id='line_1_35' title="bbox 362 3417 2597 3494; baseline -0.002 -17"><span class='ocrx_word' id='word_1_342' title='bbox 362 3437 463 3494; x_wconf 85' lang='lat' dir='ltr'><strong>pro</strong></span> <span class='ocrx_word' id='word_1_343' title='bbox 493 3435 560 3477; x_wconf 92' lang='lat' dir='ltr'><strong>eo</strong></span> <span class='ocrx_word' id='word_1_344' title='bbox 592 3419 740 3494; x_wconf 89' lang='lat' dir='ltr'><strong>quod</strong></span> <span class='ocrx_word' id='word_1_345' title='bbox 770 3426 857 3475; x_wconf 90' lang='lat' dir='ltr'><strong>est</strong></span> <span class='ocrx_word' id='word_1_346' title='bbox 892 3420 1206 3493; x_wconf 79' lang='lat' dir='ltr'><strong>probiter-e.</strong></span> <span class='ocrx_word' id='word_1_347' title='bbox 2586 3417 2597 3426; x_wconf 89' lang='lat'>&#39;</span> 
     </span>
    </p>

    <p class='ocr_par' dir='ltr' id='par_1_11' title="bbox 362 3501 2651 3663">
     <span class='ocr_line' id='line_1_36' title="bbox 532 3501 2651 3579; baseline -0.001 -17"><span class='ocrx_word' id='word_1_348' title='bbox 532 3504 633 3562; x_wconf 87' lang='grc'><strong>63.</strong></span> <span class='ocrx_word' id='word_1_349' title='bbox 711 3506 894 3562; x_wconf 81' lang='lat' dir='ltr'><strong>veitae</strong></span> <span class='ocrx_word' id='word_1_350' title='bbox 936 3521 1038 3579; x_wconf 84' lang='lat' dir='ltr'><strong>pro</strong></span> <span class='ocrx_word' id='word_1_351' title='bbox 1084 3507 1280 3567; x_wconf 76' lang='lat' dir='ltr'><strong>veliie‚·</strong></span> <span class='ocrx_word' id='word_1_352' title='bbox 1333 3505 1406 3560; x_wconf 87' lang='lat' dir='ltr'><strong>ita</strong></span> <span class='ocrx_word' id='word_1_353' title='bbox 1451 3502 1598 3577; x_wconf 83' lang='lat'><strong>452,</strong></span> <span class='ocrx_word' id='word_1_354' title='bbox 1634 3504 1709 3560; x_wconf 87' lang='lat'><strong>11</strong></span> <span class='ocrx_word' id='word_1_355' title='bbox 1768 3504 1822 3559; x_wconf 92' lang='lat' dir='ltr'><strong>in</strong></span> <span class='ocrx_word' id='word_1_356' title='bbox 1865 3503 2119 3559; x_wconf 87' lang='lat' dir='ltr'><strong>Varronis</strong></span> <span class='ocrx_word' id='word_1_357' title='bbox 2172 3501 2347 3559; x_wconf 84' lang='lat' dir='ltr'><strong>verbis</strong></span> <span class='ocrx_word' id='word_1_358' title='bbox 2394 3504 2651 3561; x_wconf 78' lang='lat' dir='ltr'><strong>velliccm</strong></span> 
     </span>
     <span class='ocr_line' id='line_1_37' title="bbox 362 3590 782 3663; baseline 0 -18"><span class='ocrx_word' id='word_1_359' title='bbox 362 3606 461 3663; x_wconf 86' lang='lat' dir='ltr'><strong>pro</strong></span> <span class='ocrx_word' id='word_1_360' title='bbox 507 3590 782 3652; x_wconf 77' lang='lat' dir='ltr'><strong>veiticum,</strong></span> 
     </span>
    </p>

    <p class='ocr_par' dir='ltr' id='par_1_12' title="bbox 365 3672 2650 3834">
     <span class='ocr_line' id='line_1_38' title="bbox 531 3672 2650 3749; baseline 0.001 -20"><span class='ocrx_word' id='word_1_361' title='bbox 531 3673 633 3730; x_wconf 89' lang='grc'><strong>64.</strong></span> <span class='ocrx_word' id='word_1_362' title='bbox 707 3672 976 3730; x_wconf 87' lang='lat' dir='ltr'><strong>sententia</strong></span> <span class='ocrx_word' id='word_1_363' title='bbox 1029 3674 1186 3731; x_wconf 92' lang='lat' dir='ltr'><strong>initio</strong></span> <span class='ocrx_word' id='word_1_364' title='bbox 1240 3690 1429 3731; x_wconf 89' lang='lat' dir='ltr'><strong>versus</strong></span> <span class='ocrx_word' id='word_1_365' title='bbox 1485 3689 1670 3730; x_wconf 84' lang='lat' dir='ltr'><strong>manca</strong></span> <span class='ocrx_word' id='word_1_366' title='bbox 1725 3672 1881 3749; x_wconf 81' lang='lat' dir='ltr'><strong>culpa</strong></span> <span class='ocrx_word' id='word_1_367' title='bbox 1926 3672 2113 3742; x_wconf 89' lang='lat' dir='ltr'><strong>Nonii;</strong></span> <span class='ocrx_word' id='word_1_368' title='bbox 2171 3689 2348 3748; x_wconf 87' lang='lat' dir='ltr'><strong>neque</strong></span> <span class='ocrx_word' id='word_1_369' title='bbox 2393 3674 2536 3731; x_wconf 85' lang='lat' dir='ltr'><strong>enim</strong></span> <span class='ocrx_word' id='word_1_370' title='bbox 2582 3674 2650 3731; x_wconf 93' lang='lat' dir='ltr'><strong>de</strong></span> 
     </span>
     <span class='ocr_line' id='line_1_39' title="bbox 365 3759 2591 3834; baseline 0 -20"><span class='ocrx_word' id='word_1_371' title='bbox 365 3759 591 3816; x_wconf 88' lang='lat' dir='ltr'><strong>traiecto</strong></span> <span class='ocrx_word' id='word_1_372' title='bbox 638 3764 813 3832; x_wconf 82' lang='lat' dir='ltr'><strong>atque</strong></span> <span class='ocrx_word' id='word_1_373' title='bbox 855 3765 1041 3832; x_wconf 90' lang='lat' dir='ltr'><strong>potest</strong></span> <span class='ocrx_word' id='word_1_374' title='bbox 1083 3759 1332 3834; x_wconf 83' lang='lat' dir='ltr'><strong>cogitari.</strong></span> <span class='ocrx_word' id='word_1_375' title='bbox 2590 3763 2591 3766; x_wconf 75' lang='grc'>’</span> 
     </span>
    </p>

    <p class='ocr_par' dir='ltr' id='par_1_13' title="bbox 329 3842 2651 4432">
     <span class='ocr_line' id='line_1_40' title="bbox 329 3842 2651 3923; baseline 0 -23"><span class='ocrx_word' id='word_1_376' title='bbox 329 3915 336 3923; x_wconf 32' lang='grc'><em>·</em></span> <span class='ocrx_word' id='word_1_377' title='bbox 530 3842 632 3903; x_wconf 88' lang='grc'><strong>65.</strong></span> <span class='ocrx_word' id='word_1_378' title='bbox 709 3858 884 3917; x_wconf 72' lang='grc' dir='ltr'><em>αρενε</em></span> <span class='ocrx_word' id='word_1_379' title='bbox 927 3859 1028 3917; x_wconf 91' lang='lat' dir='ltr'><strong>pro</strong></span> <span class='ocrx_word' id='word_1_380' title='bbox 1073 3859 1304 3917; x_wconf 71' lang='lat' dir='ltr'><strong>ayqere.</strong></span> <span class='ocrx_word' id='word_1_381' title='bbox 1381 3844 1661 3917; x_wconf 82' lang='lat' dir='ltr'><strong>quaeritur</strong></span> <span class='ocrx_word' id='word_1_382' title='bbox 1705 3844 1809 3900; x_wconf 88' lang='lat' dir='ltr'><strong>hoc</strong></span> <span class='ocrx_word' id='word_1_383' title='bbox 1853 3843 1996 3915; x_wconf 93' lang='lat' dir='ltr'><strong>loco,</strong></span> <span class='ocrx_word' id='word_1_384' title='bbox 2043 3843 2281 3901; x_wconf 89' lang='lat' dir='ltr'><strong>Lucilius</strong></span> <span class='ocrx_word' id='word_1_385' title='bbox 2328 3852 2512 3901; x_wconf 87' lang='lat' dir='ltr'><strong>utrum</strong></span> <span class='ocrx_word' id='word_1_386' title='bbox 2555 3862 2651 3918; x_wconf 82' lang='lat' dir='ltr'><strong>ge·</strong></span> 
     </span>
     <span class='ocr_line' id='line_1_41' title="bbox 363 3927 2646 4003; baseline -0 -18"><span class='ocrx_word' id='word_1_387' title='bbox 363 3930 577 3985; x_wconf 84' lang='lat' dir='ltr'><strong>minarit</strong></span> <span class='ocrx_word' id='word_1_388' title='bbox 620 3942 890 3984; x_wconf 86' lang='lat' dir='ltr'><strong>consonas</strong></span> <span class='ocrx_word' id='word_1_389' title='bbox 934 3942 1124 3984; x_wconf 89' lang='lat' dir='ltr'><strong>necne.</strong></span> <span class='ocrx_word' id='word_1_390' title='bbox 1199 3927 1267 3983; x_wconf 88' lang='lat' dir='ltr'><strong>de</strong></span> <span class='ocrx_word' id='word_1_391' title='bbox 1299 3944 1409 4003; x_wconf 89' lang='lat' dir='ltr'><strong>quo</strong></span> <span class='ocrx_word' id='word_1_392' title='bbox 1454 3929 1529 3983; x_wconf 91' lang='lat' dir='ltr'><strong>ita</strong></span> <span class='ocrx_word' id='word_1_393' title='bbox 1569 3927 1898 3984; x_wconf 87' lang='lat' dir='ltr'><strong>Ritschelius</strong></span> <span class='ocrx_word' id='word_1_394' title='bbox 1943 3928 2009 3984; x_wconf 87' lang='lat' dir='ltr'><strong>de</strong></span> <span class='ocrx_word' id='word_1_395' title='bbox 2054 3928 2165 3984; x_wconf 89' lang='lat' dir='ltr'><strong>mil.</strong></span> <span class='ocrx_word' id='word_1_396' title='bbox 2213 3928 2408 4002; x_wconf 81' lang='lat' dir='ltr'><strong>Popili.</strong></span> <span class='ocrx_word' id='word_1_397' title='bbox 2441 3947 2533 4003; x_wconf 84' lang='lat' dir='ltr'><strong>pg.</strong></span> <span class='ocrx_word' id='word_1_398' title='bbox 2567 3929 2646 3986; x_wconf 87' lang='lat'><strong>32</strong></span> 
     </span>
     <span class='ocr_line' id='line_1_42' title="bbox 361 4013 2650 4086; baseline -0 -16"><span class='ocrx_word' id='word_1_399' title='bbox 361 4015 651 4070; x_wconf 79' lang='lat' dir='ltr'><strong>consimile</strong></span> <span class='ocrx_word' id='word_1_400' title='bbox 693 4013 805 4069; x_wconf 78' lang='lat' dir='ltr'><strong>hoc</strong></span> <span class='ocrx_word' id='word_1_401' title='bbox 836 4013 1120 4086; x_wconf 80' lang='lat' dir='ltr'><strong>estquod,</strong></span> <span class='ocrx_word' id='word_1_402' title='bbox 1167 4016 1275 4070; x_wconf 81' lang='lat' dir='ltr'><strong>elsi</strong></span> <span class='ocrx_word' id='word_1_403' title='bbox 1298 4015 1741 4083; x_wconf 68' lang='lat' dir='ltr'><strong>consonantium⁴</strong></span> <span class='ocrx_word' id='word_1_404' title='bbox 1761 4016 2196 4086; x_wconf 71' lang='lat' dir='ltr'><strong>yeminationem</strong></span> <span class='ocrx_word' id='word_1_405' title='bbox 2240 4017 2352 4069; x_wconf 84' lang='lat' dir='ltr'><strong>iam</strong></span> <span class='ocrx_word' id='word_1_406' title='bbox 2398 4014 2650 4070; x_wconf 85' lang='lat' dir='ltr'><strong>Ennium</strong></span> 
     </span>
     <span class='ocr_line' id='line_1_43' title="bbox 358 4098 2648 4172; baseline 0 -19"><span class='ocrx_word' id='word_1_407' title='bbox 358 4100 734 4170; x_wconf 75' lang='lat' dir='ltr'><strong>praecepisse</strong></span> <span class='ocrx_word' id='word_1_408' title='bbox 787 4112 919 4153; x_wconf 83' lang='lat' dir='ltr'><strong>cum</strong></span> <span class='ocrx_word' id='word_1_409' title='bbox 973 4101 1125 4154; x_wconf 79' lang='lat' dir='ltr'><strong>ratio</strong></span> <span class='ocrx_word' id='word_1_410' title='bbox 1180 4101 1375 4172; x_wconf 71' lang='lat' dir='ltr'><strong>arqui!</strong></span> <span class='ocrx_word' id='word_1_411' title='bbox 1417 4103 1532 4154; x_wconf 76' lang='lat' dir='ltr'><strong>tum</strong></span> <span class='ocrx_word' id='word_1_412' title='bbox 1578 4101 1900 4155; x_wconf 76' lang='lat' dir='ltr'><strong>testimonia</strong></span> <span class='ocrx_word' id='word_1_413' title='bbox 1946 4102 2245 4170; x_wconf 76' lang='lat' dir='ltr'><strong>evincunt,</strong></span> <span class='ocrx_word' id='word_1_414' title='bbox 2296 4098 2648 4170; x_wconf 82' lang='lat' dir='ltr'><strong>eandemque</strong></span> 
     </span>
     <span class='ocr_line' id='line_1_44' title="bbox 358 4183 2648 4257; baseline 0 -19"><span class='ocrx_word' id='word_1_415' title='bbox 358 4197 606 4255; x_wconf 79' lang='lat' dir='ltr'><strong>prorsus</strong></span> <span class='ocrx_word' id='word_1_416' title='bbox 635 4188 1082 4240; x_wconf 80' lang='lat' dir='ltr'><strong>cousentaneum</strong></span> <span class='ocrx_word' id='word_1_417' title='bbox 1113 4188 1199 4239; x_wconf 80' lang='lat' dir='ltr'><strong>est</strong></span> <span class='ocrx_word' id='word_1_418' title='bbox 1220 4184 1459 4239; x_wconf 82' lang='lat' dir='ltr'><strong>Accium</strong></span> <span class='ocrx_word' id='word_1_419' title='bbox 1487 4198 1715 4257; x_wconf 82' lang='lat' dir='ltr'><strong>quoque</strong></span> <span class='ocrx_word' id='word_1_420' title='bbox 1743 4186 2018 4252; x_wconf 82' lang='lat' dir='ltr'><strong>suasisse,</strong></span> <span class='ocrx_word' id='word_1_421' title='bbox 2053 4188 2242 4238; x_wconf 82' lang='lat' dir='ltr'><strong>tumen</strong></span> <span class='ocrx_word' id='word_1_422' title='bbox 2272 4184 2331 4237; x_wconf 85' lang='lat' dir='ltr'><strong>in</strong></span> <span class='ocrx_word' id='word_1_423' title='bbox 2358 4183 2555 4238; x_wconf 84' lang='lat' dir='ltr'><strong>eadem</strong></span> <span class='ocrx_word' id='word_1_424' title='bbox 2586 4188 2648 4238; x_wconf 83' lang='lat' dir='ltr'><strong>ul</strong></span> 
     </span>
     <span class='ocr_line' id='line_1_45' title="bbox 361 4267 2646 4339; baseline 0 -16"><span class='ocrx_word' id='word_1_425' title='bbox 361 4269 581 4325; x_wconf 85' lang='lat' dir='ltr'><strong>conicio</strong></span> <span class='ocrx_word' id='word_1_426' title='bbox 626 4269 716 4324; x_wconf 85' lang='lat' dir='ltr'><strong>via</strong></span> <span class='ocrx_word' id='word_1_427' title='bbox 756 4279 1147 4339; x_wconf 83' lang='lat' dir='ltr'><strong>perseverans</strong></span> <span class='ocrx_word' id='word_1_428' title='bbox 1188 4267 1456 4324; x_wconf 80' lang='lat' dir='ltr'><strong>Lucilius</strong></span> <span class='ocrx_word' id='word_1_429' title='bbox 1488 4269 1712 4324; x_wconf 84' lang='lat' dir='ltr'><strong>demum</strong></span> <span class='ocrx_word' id='word_1_430' title='bbox 1741 4274 1946 4324; x_wconf 80' lang='lat' dir='ltr'><strong>contra</strong></span> <span class='ocrx_word' id='word_1_431' title='bbox 1984 4270 2092 4323; x_wconf 84' lang='lat' dir='ltr'><strong>vim</strong></span> <span class='ocrx_word' id='word_1_432' title='bbox 2135 4269 2382 4323; x_wconf 81' lang='lat' dir='ltr'><strong>inertiae</strong></span> <span class='ocrx_word' id='word_1_433' title='bbox 2424 4273 2646 4323; x_wconf 76' lang='lat' dir='ltr'><strong>tantum</strong></span> 
     </span>
     <span class='ocr_line' id='line_1_46' title="bbox 361 4352 2644 4432; baseline -0.001 -23"><span class='ocrx_word' id='word_1_434' title='bbox 361 4354 558 4425; x_wconf 81' lang='lat' dir='ltr'><strong>valuit,</strong></span> <span class='ocrx_word' id='word_1_435' title='bbox 603 4358 809 4410; x_wconf 78' lang='lat' dir='ltr'><strong>utnon</strong></span> <span class='ocrx_word' id='word_1_436' title='bbox 835 4352 1166 4427; x_wconf 75' lang='lat' dir='ltr'><strong>qeminandi</strong></span> <span class='ocrx_word' id='word_1_437' title='bbox 1183 4354 1553 4432; x_wconf 21' lang='lat' dir='ltr'><strong>‘cousuetudo</strong></span> <span class='ocrx_word' id='word_1_438' title='bbox 1577 4354 1760 4426; x_wconf 82' lang='lat' dir='ltr'><strong>plane</strong></span> <span class='ocrx_word' id='word_1_439' title='bbox 1785 4352 2151 4416; x_wconf 61' lang='lat' dir='ltr'><strong>abolet-etum</strong></span> <span class='ocrx_word' id='word_1_440' title='bbox 2193 4354 2254 4407; x_wconf 85' lang='lat' dir='ltr'><strong>in</strong></span> <span class='ocrx_word' id='word_1_441' title='bbox 2297 4352 2455 4409; x_wconf 76' lang='lat' dir='ltr'><strong>hanc</strong></span> <span class='ocrx_word' id='word_1_442' title='bbox 2499 4354 2644 4410; x_wconf 86' lang='lat' dir='ltr'><strong>enim</strong></span> 
     </span>
    </p>
   </div>
  </div>
 </body>
</html>
