3267 5075
1159 419 1379 474 LIBER
1413 420 1558 475 xrv.
1596 420 1715 474 xv.
2498 422 2584 485 65

1300 580 1421 645 XX
1471 579 1560 668 [1]

327 697 416 761 25
467 697 644 761 ‘idne
691 697 932 781 aegrist
975 698 1183 781 magis
1193 748 1211 781 ,
1259 720 1342 761 an
1389 697 1559 782 quod
1605 719 1772 781 pane
1819 700 1884 761 et
1927 698 2167 762 viscere
2212 699 2394 782 privo
2406 698 2464 762 ?’
2498 735 2583 746 --

467 812 666 896 ‘quod
711 811 968 876 viscus?
1035 812 1297 876 dederas
1344 817 1415 876 tu
1460 813 1706 897 hillam,
1750 813 1873 877 hoc
1921 816 2020 876 est
2054 814 2317 898 viscera,
2363 814 2580 897 large!

1266 926 1419 991 XXI
1470 925 1603 1014 [17]

464 1046 708 1127 puncto
754 1064 884 1107 uno
930 1042 1113 1106 horai
1160 1043 1591 1127 quiquomque
1637 1044 1876 1108 invasit
1923 1087 1959 1106 c
1983 1100 2021 1108 -
2047 1090 2083 1108 c

1169 1249 1492 1323 LIBER
1544 1250 1698 1322 XV.

970 1481 979 1490 ο
1310 1405 1343 1470 Ι
1393 1403 1482 1494 [1]
1517 1429 1556 1471 a

464 1522 674 1586 multa
717 1522 1011 1586 homines
1057 1525 1358 1605 portenta
1401 1523 1471 1585 in
1516 1521 1786 1587 Homeri
1830 1522 2102 1587 versibu'
2149 1523 2301 1587 ficta

459 1640 758 1701 monstra
802 1641 1069 1722 putant3
1116 1660 1388 1722 quorum
1433 1638 1503 1701 in
1550 1638 1772 1721 primis
1810 1637 2225 1721 Polyphemu'
2277 1637 2583 1701 ducentos

467 1750 746 1836 Cyclops
793 1751 1011 1838 longu’
1056 1753 1274 1836 pedeS,
1323 1755 1387 1816 et
1430 1774 1623 1836 porro
1671 1752 1819 1818 huic
1866 1752 2056 1817 maiu'
2103 1753 2405 1817 bacillum

458 1888 662 1951 quam
706 1868 914 1931 malus
960 1868 1143 1932 navis
1190 1868 1258 1931 in
1307 1868 1555 1932 corbita
1599 1868 1917 1932 maximus
1964 1869 2112 1932 ulla.

1203 1983 1267 2046 II
1318 1981 1478 2069 [XX‚
1533 1980 1593 2070 1]
1625 1985 1668 2046 b
1709 2033 1714 2038 .

366 2118 410 2160 O
458 2098 799 2162 terriculas
845 2098 1102 2163 Lamias
1112 2149 1130 2182 ,
1176 2097 1384 2164 Fauni
1432 2121 1589 2182 quas
1637 2098 2061 2182 Pompiliique

456 2213 799 2276 instituere
843 2211 1122 2297 Numae,
1167 2214 1386 2278 tremit
1430 2213 1549 2277 has
1560 2264 1576 2297 ,
1622 2214 1782 2278 haec
1828 2214 2046 2277 omina
2090 2213 2289 2297 ponit.

457 2332 536 2391 ut
583 2329 765 2411 pueri
809 2329 1090 2392 infantes
1137 2329 1404 2393 credunt
1450 2330 1638 2413 signa
1676 2330 1894 2393 omnia
1940 2329 2148 2393 ahena

456 2444 678 2507 vivere
724 2447 789 2507 et
834 2464 971 2508 esse
1017 2444 1338 2508 homines:
1386 2444 1478 2508 sic
1524 2445 1670 2509 istic
1718 2445 1936 2509 omnia
1978 2445 2132 2509 ficta

456 2536 615 2624 isera
658 2563 918 2643 putant,
965 2560 1234 2625 credunt
1279 2561 1483 2645 signis
1531 2582 1641 2625 cor
1686 2561 1897 2625 inesse
1942 2562 2011 2624 in
2058 2560 2298 2625 ahenis.

328 2677 411 2739 10
456 2676 732 2760 pergula
776 2677 1126 2759 pictorum,
1173 2677 1306 2740 veri
1353 2675 1546 2759 nihil,
1594 2676 1813 2740 omnia
1857 2676 2026 2740 ficta.

285 2853 556 2902 Lucilius,
663 2851 766 2900 XX
822 2853 962 2904 Non.
1006 2854 1119 2916 184,
1149 2856 1211 2904 13
1246 2854 1474 2904 viscus
1509 2853 1748 2917 positum
1780 2868 1878 2917 pro
1904 2851 2128 2905 viscera.
2190 2853 2477 2903 Lucretius
2513 2877 2579 2888 —

282 2920 563 2984 Vergilius
599 2947 667 2956 —
703 2919 1016 2970 Lucilius
1050 2926 1363 2983 satyrarum
1401 2920 1494 2971 lib.
1530 2920 1711 2970 XIIII.
1751 2947 1814 2955 —
1861 2920 1998 2970 idem
2035 2923 2164 2985 470,
2200 2923 2266 2970 23
2301 2919 2445 2984 largi
2481 2935 2581 2985 pro

284 2986 505 3051 largire.
552 2987 878 3038 Lucilius
912 2986 1010 3041 lib.
1037 2987 1203 3039 XIIII
1240 2987 1382 3054 quod
1405 3005 1452 3038 e.
1476 3005 1526 3053 q.
1548 3004 1592 3039 s·
1695 2986 1828 3037 XXI
1871 2989 2072 3040 Donat.
2099 2987 2168 3038 ad
2203 2988 2325 3039 Ter.
2364 2988 2580 3038 Phorm.

286 3055 324 3103 Ι.
350 3059 400 3119 4,
428 3058 459 3105 7
500 3060 614 3105 tum
653 3056 911 3119 temporis
945 3055 1077 3105 mihi
1113 3063 1368 3119 punctum
1407 3056 1474 3105 ad
1512 3055 1651 3105 hanc
1687 3070 1793 3106 rem
1833 3060 1943 3105 est:
1989 3060 2301 3120 punctum
2335 3072 2433 3120 pro
2469 3071 2579 3105 mo·

287 3129 523 3172 mentum
550 3126 612 3171 ut
641 3121 954 3173 Lucilius
989 3123 1047 3172 in
1083 3123 1267 3180 XIIII.

417 3192 443 3240 1
505 3191 647 3243 Non.
674 3192 794 3254 533,
824 3193 886 3240 10
921 3191 1187 3241 coz-bita
1223 3196 1309 3243 est
1345 3205 1517 3254 genus
1553 3190 1759 3254 navigii
1794 3190 2014 3243 tardum
2048 3197 2103 3240 et
2126 3189 2346 3254 grande.
2416 3188 2579 3239 Plau-

287 3294 373 3342 tus
399 3290 632 3340 —idem
655 3316 722 3325 —
748 3289 1054 3342 Lucilius
1093 3295 1398 3354 satyrarum
1428 3290 1522 3340 lib.
1560 3290 1662 3341 XV
1698 3256 1832 3355 ('X,V
1868 3289 1959 3355 G).
2066 3290 2123 3340 11
2160 3291 2422 3342 Lactant.
2446 3290 2579 3341 inst.

286 3357 327 3419 1,
349 3361 432 3420 22,
459 3361 522 3409 13
559 3373 690 3408 nam
727 3357 1032 3408 Lucilius
1067 3374 1252 3408 eorum
1289 3358 1585 3409 stultitiam
1622 3360 1717 3424 qui
1751 3359 2045 3408 simulacra
2079 3358 2207 3407 deos
2230 3361 2428 3422 putant
2462 3373 2580 3408 esse

287 3424 489 3476 deridet
534 3426 622 3476 his
665 3426 932 3476 versibus.
982 3454 1045 3462 —
1081 3426 1219 3475 idem
1257 3426 1389 3490 epit.
1434 3428 1499 3475 22
1537 3426 1661 3476 ideo
1699 3426 2016 3477 Lucilius
2053 3425 2298 3476 deridens
2340 3426 2578 3490 ineptias

289 3493 509 3543 istorum
557 3494 654 3558 qui
698 3493 855 3543 vanis
901 3494 1390 3559 superstitionibus
1435 3494 1680 3544 serviunt
1723 3493 1825 3545 hos
1862 3508 2051 3543 versus
2086 3493 2286 3558 posuit.
2331 3519 2394 3528 —-
2438 3492 2579 3542 Non.

453 3652 532 3710 26
579 3661 639 3708 tu
685 3653 867 3709 hillam
912 3654 995 3726 M,
1042 3662 1101 3710 tu
1148 3653 1362 3727 quidem
1409 3654 1557 3712 Non.
1608 3684 1683 3694 —
1732 3653 1869 3728 largi
1914 3656 2080 3726 idem,
2126 3652 2277 3729 large
2313 3655 2401 3710 ed.
2433 3655 2574 3715 Luc.

294 3735 638 3794 TuricensiS.
815 3736 894 3794 27
955 3755 1062 3794 una
1108 3741 1232 3795 edd.
1270 3742 1500 3811 princ.,
1548 3738 1744 3810 Rom.,
1809 3738 1943 3795 Ven.
1990 3769 2074 3778 —
2120 3739 2270 3794 horai
2317 3738 2398 3809 M,
2444 3739 2576 3795 hora

292 3829 343 3875 et
384 3840 433 3877 v.
481 3851 558 3861 —-
607 3823 978 3896 quiquomque
1022 3823 1106 3896 M,
1154 3825 1245 3896 qui
1293 3839 1513 3896 quoque
1559 3842 1605 3880 v.
1658 3855 1734 3865 -
1782 3826 2048 3880 nonnulli
2084 3824 2230 3880 libri
2268 3823 2520 3879 insuasit.

456 3907 487 3960 1
535 3905 771 3961 versibu’
818 3904 971 3976 ficta;
1030 3907 1262 3963 versibu’
1308 3909 1650 3978 FruteriuS,
1699 3904 1962 3963 versificla
2009 3908 2055 3963 L
2104 3909 2159 3978 1,
2203 3907 2252 3963 L
2294 3907 2363 3977 2,
2410 3909 2576 3962 versi-

292 3986 437 4045 ficata
483 3990 548 4047 G.
724 3990 761 4046 2
806 3990 1116 4065 Polyfemus
1162 3994 1289 4048 cdd.
1462 3991 1498 4049 3
1544 3991 1794 4048 bacillum
1838 4011 1913 4063 v.,
1957 3990 2275 4048 bacchillum
2319 3993 2445 4047 cdd.

291 4072 327 4127 4
376 4076 494 4130 navi
522 4074 635 4147 Dp.
682 4105 767 4114 -
810 4074 901 4130 illa
930 4077 977 4132 L
1008 4075 1067 4133 2.
1198 4076 1235 4133 5
1284 4075 1562 4132 terricolas
1591 4076 1659 4132 P.
1695 4106 1770 4117 —-·
1814 4075 2154 4150 Pompilique
2185 4075 2259 4132 R.
2393 4075 2429 4132 6
2475 4091 2573 4130 no·

294 4173 407 4213 men
450 4159 521 4214 B.
570 4190 638 4200 —
695 4160 827 4216 haec
872 4161 1048 4217 omina
1091 4161 1176 4233 M,
1223 4161 1310 4217 hic
1354 4162 1527 4216 omnia
1574 4178 1624 4217 v.
1784 4160 1818 4217 7
1878 4168 1935 4217 et
1979 4162 2106 4219 cdd.
2154 4160 2302 4217 Non.
2351 4189 2431 4199 —
2476 4175 2573 4213 ena

292 4241 334 4295 L
379 4242 435 4313 1,
478 4259 608 4299 aena
658 4243 725 4315 G,
758 4245 824 4314 P,
866 4245 930 4315 Τ,
975 4261 1138 4302 aenea
1182 4246 1259 4316 B,
1307 4246 1536 4301 athenae
1581 4245 1657 4302 R.
1854 4243 1891 4301 8
1942 4245 2068 4300 istic
2110 4245 2176 4301 M
2220 4242 2393 4319 (isticc
2436 4239 2573 4318 Dp),

292 4328 399 4382 nisi
439 4331 655 4385 excidit
694 4335 829 4401 post
873 4330 960 4385 isti
992 4329 1196 4386 itidem.
1331 4330 1367 4387 9
1413 4331 1466 4384 in
1513 4330 1698 4385 haenis
1735 4330 1801 4401 Τ,
1831 4331 1884 4385 in
1916 4330 2063 4385 aenis
2093 4328 2233 4401 PR,
2262 4329 2317 4383 in
2349 4329 2464 4384 anis
2503 4328 2569 4384 B.

458 4412 536 4469 10
581 4413 859 4486 pergulam
909 4413 981 4485 R,
1027 4415 1248 4489 percula
1301 4411 1361 4470 T.
1408 4444 1490 4455 --
1533 4415 1676 4488 picta
1728 4414 1786 4469 T.

397 4508 442 4547 C.
470 4509 617 4547 Lucili
647 4513 786 4549 satur.
817 4509 894 4549 rel.
2116 4515 2146 4563 5
