3267 5075
665 376 796 441 292
1343 374 1798 432 TESTIMONIA
1833 374 1930 431 DE
1968 373 2273 432 LUCILIO.

657 547 863 616 primis
916 543 1289 617 Polyphemu’
1345 546 1621 601 ducentos
1681 541 1926 617 Cyclops
1977 543 2165 618 lonqu’
2215 545 2399 616 pedes
2409 567 2427 608 ,-
2491 559 2595 599 nec
2644 559 2768 601 raro
2811 544 2956 618 apud

663 627 815 684 alios.
900 644 1021 683 nam
1076 637 1138 685 ut
1192 644 1376 685 revera
1432 630 1553 702 quis
1619 627 1702 684 bis
1755 635 2017 684 centenos
2071 644 2260 684 versus
2314 626 2538 684 Latinos
2601 645 2702 702 per
2765 629 2954 685 horam

663 720 909 788 promat,
965 712 1162 769 nedum
1208 715 1253 769 is
1301 714 1394 787 qui
1437 719 1547 769 stet
1590 714 1643 769 in
1690 729 1798 769 uno
1845 712 1979 787 pede
2023 712 2268 787 equidem
2315 710 2434 768 fieri
2471 729 2637 786 posse
2687 729 2955 788 pernego.

663 805 904 854 ceterum
949 798 1157 854 minore
1188 797 1487 872 hyperbole
1534 797 1636 869 10,
1667 796 1747 854 57
1778 815 1900 871 sqq.
1946 796 2144 854 dicitur
2173 797 2409 856 Lucilius
2456 797 2699 855 ducenos
2746 807 2802 854 et
2830 806 2956 855 ante

662 897 848 940 cenam
894 889 950 938 et
993 891 1120 956 post
1163 898 1489 956 componere
1536 898 1722 938 versus
1778 882 1992 938 solitus.
2039 913 2123 923 —
2169 900 2295 940 cum
2346 885 2560 954 flueret
2612 885 2954 954 lutulentam,

663 975 793 1024 erat
837 970 990 1041 quod
1031 968 1231 1025 tollere
1275 969 1478 1032 velles,·
1524 966 1656 1023 haec
1699 966 1857 1023 verba
1900 968 2077 1023 miuus
2122 975 2270 1024 recte
2314 968 2707 1039 interpretatur
2742 965 2956 1034 Quinti-

661 1052 836 1108 lianus
883 1051 946 1124 X,
997 1053 1053 1124 1,
1101 1051 1180 1109 94
1247 1053 1402 1126 quasi
1456 1050 1655 1107 dixerit
1709 1051 1963 1108 Horatius
2020 1059 2199 1108 totum
2257 1068 2376 1108 esse
2431 1050 2697 1107 Lucilium
2753 1050 2956 1126 aliquid

662 1135 808 1210 quod
856 1137 1049 1193 tollere
1095 1136 1290 1210 possis.
1379 1137 1540 1192 immo
1598 1135 1727 1209 qnid
1768 1130 1883 1192 'sibi
1941 1136 2102 1192 vellet
2144 1135 2398 1192 Horatius
2444 1138 2560 1209 ipse
2618 1138 2958 1210 apertissime

660 1223 925 1294 expressit
974 1228 1029 1277 et
1086 1220 1180 1276 illo
1223 1220 1347 1277 loco
1392 1251 1475 1262 —
1520 1220 1683 1277 modo
1739 1220 2110 1294 praecedentia
2166 1222 2419 1294 respicias
2463 1251 2548 1261 ——
2591 1229 2649 1276 et
2692 1230 2797 1277 sat.
2855 1222 2955 1293 10,

661 1304 753 1361 ubi
801 1313 980 1362 tamen
1023 1304 1332 1361 iracundius
1373 1305 1647 1379 loquitur:
1694 1313 1754 1361 at
1799 1307 1928 1363 dixi
1964 1308 2153 1379 fluere
2180 1307 2336 1362 hunc
2365 1307 2727 1378 lutulentum,
2777 1322 2958 1378 saepe

652 1389 942 1463 ferentem
981 1392 1162 1463 plura
1207 1391 1431 1464 quidem
1477 1391 1727 1447 tollenda
1772 1392 2183 1463 relinquendis.
2229 1420 2310 1430 —-
2357 1390 2456 1461 12.
2521 1393 2837 1465 garrula&-
2881 1393 2955 1446 ita

656 1492 703 1531 s.
740 1473 822 1533 10
864 1482 950 1532 est
994 1475 1273 1532 brevitate
1316 1491 1478 1548 opas,
1526 1483 1588 1532 ut
1633 1481 1842 1532 currat
1869 1479 2152 1532 sententia
2197 1491 2311 1532 neu
2354 1492 2417 1533 se
2459 1477 2722 1547 inpediat
2768 1476 2959 1533 verbis

656 1562 851 1617 lassas
894 1561 1266 1617 onerantibus
1309 1575 1487 1617 aures
1497 1584 1516 1624 ‚-
1560 1567 1615 1616 et
1660 1559 1856 1616 ibidem
1899 1563 1951 1616 si
1986 1560 2145 1632 foret
2188 1561 2299 1617 hoc
2327 1566 2587 1618 nostrum
2624 1560 2762 1634 fato
2805 1562 2955 1617 dila-

659 1652 752 1702 tus
793 1648 851 1702 in
898 1660 1099 1702 aevum
1144 1646 1444 1717 detereret,
1473 1646 1583 1702 sibi
1622 1648 1800 1703 multa
1845 1647 2132 1702 recideret
2177 1660 2369 1716 omne,
2415 1647 2572 1718 quod
2610 1647 2774 1702 ultra
2812 1661 2955 1717 per-

649 1729 874 1803 fectum
918 1729 1272 1789 traheretur.
1346 1737 1402 1785 et
1448 1729 1577 1785 baec
1621 1728 1838 1803 quidem
1883 1731 2013 1804 quin
2056 1746 2157 1787 suo
2192 1731 2310 1786 iure
2353 1728 2699 1804 exprobrarit
2726 1728 2956 1786 Flaccus

655 1830 766 1871 non
810 1823 896 1871 est
938 1813 1178 1871 dubium.
1266 1830 1444 1888 neque
1489 1815 1628 1869 enim
1674 1816 1843 1888 parcit
1898 1813 2073 1870 verbis
2117 1832 2221 1871 nec
2262 1813 2510 1870 brevitati
2561 1814 2754 1871 studet
2795 1813 2957 1871 Luci-

655 1900 779 1969 lius,
827 1901 1017 1972 partim
1047 1901 1370 1955 necessitate
1415 1900 1574 1954 metri
1619 1898 1838 1971 ductuS‚
1881 1900 2078 1972 partim
2124 1908 2184 1956 ut
2214 1898 2512 1973 quotidiani
2545 1908 2794 1974 captator
2837 1916 2957 1956 ser-

656 1985 830 2040 monis
885 1985 1101 2040 nimius.
1201 2000 1380 2058 neque
1434 1982 1574 2039 idem
1630 1983 1888 2039 iterandis
1942 1982 2220 2041 breviculo
2274 1983 2560 2040 intervallo
2622 1983 2802 2040 verbis
2859 1994 2955 2041 aut

655 2068 994 2141 frequentius
1040 2066 1356 2124 adhibendis
1401 2066 1725 2124 dictionibus
1772 2085 1904 2142 quas
1948 2084 2137 2125 versus
2192 2067 2438 2143 explendi
2484 2067 2814 2125 desiderium
2858 2086 2956 2142 pe·

655 2153 796 2227 perit
849 2152 1006 2208 nimis
1062 2154 1268 2208 anxius.
1358 2169 1419 2208 ea
1474 2151 1763 2227 aliquando
1820 2160 1972 2227 grata
2023 2154 2120 2209 sed
2165 2154 2377 2227 saepius
2428 2154 2725 2226 inportuna
2769 2156 2955 2210 existit

653 2236 1016 2311 neglegentia.
1063 2266 1143 2276 —-
1194 2236 1291 2294 17.
1329 2237 1425 2295 18.
1491 2238 1551 2294 di
1591 2239 1732 2294 bene
1770 2236 2068 2310 fecerunt,
2113 2240 2301 2310 inopis
2329 2254 2417 2294 me
2446 2240 2712 2311 quodque
2745 2241 2957 2310 pusilli

651 2320 956 2395 finxerunt
1000 2324 1203 2391 animi,
1259 2338 1401 2378 raro
1446 2328 1501 2377 et
1543 2338 1858 2394 perpauca
1900 2324 2201 2398 loquentis.
2290 2339 2418 2378 sane
2462 2322 2671 2378 Horatii
2711 2322 2786 2396 11,
2842 2322 2953 2379 Lu-

647 2406 761 2490 pilii
803 2405 936 2462 XXX
978 2414 1283 2462 saturarum
1325 2416 1456 2462 sunt
1498 2406 1787 2463 volumina.
1831 2437 1917 2448 —
1962 2407 2062 2464 39.
2122 2411 2375 2480 primum
2418 2423 2522 2482 eqo
2566 2424 2656 2464 me
2697 2411 2948 2479 illorum,

653 2490 904 2549 dederim
962 2491 1167 2565 quibus
1222 2506 1349 2550 esse
1394 2495 1614 2565 poetis,
1672 2507 1994 2566 excerpam
2048 2509 2317 2550 numero.-
2370 2508 2560 2566 neque
2615 2496 2765 2550 enim
2810 2510 2946 2551 con·

655 2578 891 2636 cludere
935 2591 1161 2635 versum
1207 2578 1433 2634 dixeris
1474 2593 1602 2635 esse
1646 2581 1790 2634 satis
1800 2602 1821 2642 ‚-
1862 2594 2065 2651 neque,
2111 2581 2265 2652 siqui
2290 2579 2513 2651 scribat
2556 2581 2644 2635 uti
2670 2594 2778 2637 nos
2820 2594 2947 2636 ser·

652 2665 806 2719 moni
841 2664 1158 2734 propiora,
1207 2664 1380 2734 putes
1427 2663 1585 2718 hunc
1628 2677 1757 2719 esse
1792 2671 2026 2734 poetam
2037 2687 2056 2726 ,·
2115 2680 2237 2719 cum
2289 2665 2594 2719 communis
2646 2665 2791 2720 vitae
2832 2680 2948 2720 ser-

653 2762 867 2803 monem
912 2745 1109 2802 referat
1156 2744 1388 2803 Lucilius
1434 2755 1657 2820 apparet
1700 2746 1867 2804 furcis
1911 2747 2151 2804 eicienda
2196 2756 2257 2802 ut
2299 2755 2430 2821 puta
2473 2747 2565 2804 illa
2607 2752 2705 2822 im,
2755 2749 2946 2806 hemo-
3044 2801 3057 2816 ‚

653 2835 763 2903 nis,
795 2829 910 2900 olli,
945 2828 1122 2904 qualia
1151 2829 1218 2886 de
1249 2831 1559 2887 coniectura
1589 2832 1640 2910 ei
1664 2830 1902 2887 tribuere
1931 2832 2099 2890 docti.
2158 2832 2434 2889 fatendum
2466 2842 2646 2889 tamen
2674 2834 2819 2908 apud
2839 2832 2944 2889 Lu-

651 2915 834 2973 cilium
879 2914 1021 2971 haud
1051 2931 1217 2989 pauca
1262 2931 1384 2971 esse
1426 2916 1643 2972 maioris
1687 2918 1934 2989 spiritus,
1977 2933 2080 2973 nec
2106 2934 2230 2973 raro
2274 2934 2397 2973 eum
2439 2919 2730 2993 insurgere
2759 2918 2943 2989 altius,

651 2999 779 3056 licet
825 2998 1031 3055 Marcus
1077 2998 1242 3055 Varro
1288 3000 1432 3057 huuc
1474 2999 1793 3075 gracilitatis
1837 3001 2141 3076 exemplum
2184 3004 2450 3076 posuerit.
2538 3019 2701 3059 causa
2742 3020 2811 3060 ex
2855 3020 2941 3076 eo,

652 3082 799 3158 quod
843 3091 1058 3158 praeter
1100 3099 1279 3140 mores
1309 3084 1666 3158 corrigendos
1711 3094 1768 3141 et
1797 3086 2063 3159 carpenda
2104 3089 2231 3142 vitia
2273 3087 2532 3160 plurimas
2561 3089 2649 3144 sui
2680 3089 2939 3163 temporis

651 3166 1016 3224 Romanorum
1059 3184 1169 3236 res,
1212 3184 1334 3224 cum
1380 3167 1622 3243 publicas
1653 3179 1766 3225 tum
1797 3171 2050 3244 privataS,
2094 3173 2330 3245 propriis
2357 3181 2682 3246 persecutus
2713 3183 2803 3229 est
2830 3190 2955 3229 car--

651 3252 900 3310 minibus.
991 3250 1134 3309 unde
1188 3269 1297 3308 non
1355 3254 1547 3309 mirum
1602 3253 1862 3328 quaedam
1906 3255 2049 3329 apud
2102 3272 2227 3312 eum
2269 3257 2523 3330 reperiri,
2583 3274 2727 3332 quae
2768 3257 2935 3315 Ennio

651 3354 812 3411 quam
856 3337 1061 3394 Lucilio
1106 3336 1355 3412 digniora
1383 3353 1504 3406 esse
1535 3338 1833 3396 videantur.
1879 3370 1963 3380 —
2006 3339 2107 3398 45.
2173 3342 2394 3398 idcirco
2422 3344 2676 3415 quddam,
2723 3359 2936 3402 comoe-

651 3424 748 3480 dia
792 3437 974 3480 necne
1013 3438 1220 3496 poema
1264 3430 1432 3493 esset,
1477 3427 1817 3497 quaesivere
1828 3449 1849 3488 ;
1889 3434 2106 3498 praeter
2133 3425 2273 3482 hanc
2299 3426 2611 3483 comoediae
2640 3436 2701 3484 et
2728 3437 2936 3485 saturae

613 3506 1058 3564 'similitudinem
1102 3506 1271 3563 altera
1312 3508 1495 3564 existit
1536 3507 1685 3581 quod
1729 3516 2023 3582 utrumque
2051 3526 2228 3583 genus
2258 3511 2507 3567 carminis
2549 3512 2617 3568 ad
2647 3512 2935 3570 deridenda

649 3601 814 3667 atque
843 3591 1168 3649 emendanda
1197 3591 1478 3649 hominum
1521 3591 1649 3648 vitia
1689 3594 1953 3666 pertinet3
1999 3596 2159 3650 tertia
2188 3594 2335 3669 quod
2364 3595 2629 3669 pleraque
2659 3598 2805 3671 apud
2835 3598 2935 3654 Ho-

649 3677 842 3734 ratium
887 3685 944 3733 et
971 3678 1144 3751 magis
1171 3678 1333 3733 etiam
1363 3676 1505 3752 apud
1532 3674 1801 3733 Lucilium
1842 3676 2093 3734 diverbiis
2120 3680 2275 3736 fuere
2302 3680 2622 3753 composita.
2669 3712 2757 3723 —
2798 3692 2935 3740 cete-

647 3777 769 3818 rum
813 3769 876 3818 ut
931 3759 1208 3817 archaeam
1259 3760 1590 3818 comoediam
1650 3760 1919 3836 Lucilius,
1972 3766 2302 3821 neotericam
2352 3763 2643 3839 Horatius,
2697 3767 2933 3838 PersiuS‚

647 3844 912 3904 luvenalis
956 3853 1086 3902 sunt
1127 3844 1398 3903 aemulati.
1487 3861 1626 3921 qnae
1669 3862 1791 3903 cum
1833 3849 1907 3903 ita
1949 3849 2090 3919 sint,
2134 3866 2246 3906 non
2290 3851 2395 3905 erit
2434 3851 2665 3925 mirum,
2718 3853 2867 3928 quod
2907 3870 2933 3907 a

650 3939 846 4009 quarto
889 3929 1016 3987 inde
1057 3929 1274 3988 saeculo
1321 3929 1622 3988 deteriores
1651 3932 2123 4005 grammaticorum
2155 3935 2354 4007 passim
2380 3932 2649 3991 Lucilium
2692 3938 2934 3995 referunt

644 4020 790 4077 inter
831 4013 1234 4076 comoediarum
1276 4017 1594 4091 scriptores.
1684 4015 1959 4073 56—62.
2019 4018 2143 4090 Itis,
2198 4035 2303 4093 eqo
2356 4035 2508 4092 quae
2560 4040 2753 4096 nunc,
2810 4026 2931 4080 olim

644 4119 798 4181 quae
842 4105 1076 4177 scripsit
1116 4100 1394 4168 Lucidius
1439 4103 1659 4172 antias
1700 4103 1756 4155 si
1793 4108 2053 4173 ten-pora
2098 4111 2263 4160 certa
2306 4106 2637 4178 nodosque,
2690 4116 2748 4165 et
2789 4109 2935 4182 quod

637 4194 814 4265 prius
855 4190 1060 4249 aretine
1103 4187 1392 4246 mouns!
1430 4188 1725 4257 posterius
1760 4184 1989 4257 facias,
2040 4203 2417 4260 praeponens
2458 4193 2659 4248 collina
2697 4197 2929 4264 primis.-

643 4295 792 4348 non,
847 4283 910 4334 ut
969 4279 1024 4332 si
1071 4275 1266 4332 solus
1319 4268 1647 4344 mquam
1688 4270 1979 4326 ἄπαιδα
2024 4279 2219 4328 taetra
2262 4274 2399 4330 belli
2431 4275 2707 4346 ferratos
2742 4285 2928 4350 postes

1736 4357 1751 4368 “
1882 4355 2113 4411 ἄπει-εἰ
2160 4359 2413 4414 menbra
2459 4370 2693 4433 poetae
2784 4362 2925 4419 Ennii
