3267 5075
773 358 1302 425 QUAESTIONUM
1329 347 1889 413 LUCILIANARUM
1927 359 2157 414 LIBER.
2418 368 2618 429 XLIII

320 536 526 592 catum
553 529 796 606 capitali
822 529 1121 605 persecuti
1149 531 1291 588 sunt
1317 528 1468 588 odio.
1504 560 1579 569 —-
1613 530 1880 587 ceterum
1907 528 1969 586 in
1997 528 2293 604 scriptura
2319 530 2617 606 fragmen-

318 643 523 701 torum
550 657 588 697 a
615 636 809 697 Nonio
842 638 1218 695 servatorum
1252 635 1668 695 constituenda
1693 634 2113 711 Lugdunensis
2151 636 2365 710 prioris
2402 639 2474 695 ut
2507 656 2617 712 par

320 748 456 806 erat
489 743 870 821 potissimum
907 742 1219 803 observavi
1254 742 1608 815 testimonia,
1653 760 1806 817 quae
1848 744 1910 800 et
1947 741 2186 818 integra
2225 743 2385 801 haud
2427 762 2617 818 pauca

320 851 603 930 egregiae
638 849 1014 926 antiquitatis
1049 850 1339 908 adserunt
1373 849 1696 925 specimina
1730 867 1837 907 nec
1863 848 2061 908 minus
2088 848 2234 924 ipsis
2263 850 2615 924 corruptelis

319 979 502 1036 saepe
528 958 590 1017 id
618 956 776 1034 quod
803 975 1015 1017 verum
1041 957 1137 1014 est
1162 955 1586 1015 demonstrant.

501 1066 701 1142 Igitur
738 1064 884 1124 satis
920 1062 1105 1122 habui
1142 1061 1491 1138 plerumque
1527 1063 1886 1138 scripturam
1924 1064 2150 1122 saeculi.
2180 1084 2237 1138 p.
2266 1061 2405 1121 Chr.
2438 1061 2644 1137 primi,

319 1175 431 1233 hac
450 1173 713 1233 editione
730 1172 1206 1246 repraesentare3
1234 1189 1414 1246 quam
1442 1172 1645 1229 tamen
1666 1170 1827 1228 haud
1855 1172 2203 1244 cunctanter
2228 1169 2459 1229 mutavi
2484 1189 2616 1228 nor-

317 1299 496 1353 mam,
547 1280 906 1354 ubicumque
959 1276 1220 1337 rationes
1266 1279 1595 1336 metrorum
1641 1278 1749 1335 aut
1793 1295 2074 1336 sonorum
2118 1275 2372 1333 firmiter
2417 1278 2618 1335 essent

317 1386 706 1462 optinendae:
761 1385 911 1463 quas
967 1403 1203 1461 semper
1256 1386 1426 1444 extra
1475 1383 1857 1443 librariorum
1911 1383 2036 1443 sive
2090 1382 2617 1459 grammaticorum

315 1494 845 1570 qualiumcumque
881 1492 1132 1553 arbitria
1166 1491 1328 1551 volui
1366 1509 1496 1550 esse
1531 1490 1777 1564 positas.
1833 1489 1938 1549 sed
1967 1488 2125 1547 enim
2152 1489 2312 1548 omni
2348 1508 2458 1563 ope
2487 1490 2618 1547 erat

314 1600 670 1690 cavendum,
706 1619 783 1660 ne
817 1599 1087 1658 minutiis
1115 1597 1553 1673 opprimeretur
1579 1599 1905 1672 apparatus
1942 1596 2199 1655 criticus,
2254 1595 2441 1671 igitur
2477 1595 2552 1652 de
2588 1614 2618 1654 s

314 1710 600 1767 truncata
634 1707 699 1765 in
736 1706 1012 1765 finalibus
1050 1723 1204 1780 quae
1232 1705 1375 1762 sunt
1407 1706 1478 1770 ic,
1514 1722 1605 1771 us,
1626 1702 1708 1763 ‘os
1734 1705 1796 1762 et
1822 1704 1895 1763 de
1924 1722 1955 1762 e
1981 1704 2203 1764 omissa
2235 1703 2298 1761 in
2325 1702 2507 1762 verbo
2537 1706 2619 1760 est

305 1815 402 1873 'sic
429 1815 681 1874 habeto:
719 1812 955 1889 quando
983 1812 1133 1870 nihil
1160 1812 1453 1883 notamuS,
1492 1810 1700 1885 plenas
1727 1810 2164 1885 repraesentari
2195 1810 2417 1869 formas
2445 1809 2615 1867 libris

315 1920 585 1996 scriptis;
629 1919 734 1995 qui
769 1918 873 1977 ubi
909 1921 1019 1977 aut
1053 1917 1335 1976 exhibent
1369 1919 1576 1992 aperte
1613 1919 1722 1976 aut
1756 1916 2110 1993 corruptelis
2148 1917 2617 1976 commonstrant

313 2026 640 2098 breviataS,
672 2026 877 2085 sedulo
904 2024 1313 2086 indicavimus.
1612 2027 1620 2036 ’

497 2131 730 2192 Graeca
763 2132 949 2193 verba
983 2132 1142 2207 quod
1178 2131 1496 2207 aliquando
1529 2130 1762 2218 Latinis
1797 2130 2018 2191 litteris
2053 2130 2341 2207 leguntur
2377 2129 2614 2206 scripta,

312 2241 466 2299 illud
493 2240 886 2315 deprecamur
911 2258 987 2297 ne
1023 2239 1156 2315 quis
1183 2240 1451 2297 nostram
1478 2237 1678 2312 potius
1706 2257 1888 2314 quam
1914 2238 2295 2297 librariorum
2322 2256 2618 2314 gramma-

312 2346 693 2422 ticorumque
719 2364 788 2405 ac
814 2346 1070 2405 fortasse
1097 2345 1284 2421 ipsius
1314 2344 1528 2403 Lucilii
1554 2345 2015 2405 inconstantiam
2042 2347 2274 2421 arguat,
2310 2343 2415 2420 qui
2440 2344 2616 2403 modo

311 2455 583 2530 integra,
638 2454 814 2513 modo
869 2452 1200 2531 assimilata
1262 2454 1584 2528 utcumque
1643 2452 1732 2511 ori
1776 2452 1994 2512 Latino·
2048 2452 2289 2512 videtur
2332 2450 2616 2509 maluisse

311 2561 666 2623 transferre.
1175 2550 1180 2555 ⁶
1309 2598 1315 2605 -
1763 2614 1768 2621 .

414 2718 425 2725 .
497 2666 879 2744 Fragmentis
899 2666 1259 2743 explicandis
1279 2666 1376 2727 vel
1403 2666 1751 2742 copulandis
1771 2666 1922 2726 nihil
1939 2667 2171 2727 facilius
2193 2687 2340 2741 esse,
2370 2668 2421 2726 si
2448 2667 2616 2744 vulgi

312 2776 599 2851 plausum
637 2776 884 2849 spectes,
931 2792 1125 2849 neque
1160 2770 1460 2832 difficilius
1505 2755 1847 2849 quidquam,
1895 2774 1945 2833 si
1991 2775 2337 2849 peritorum,
2384 2774 2615 2848 pridem

314 2882 517 2941 sanxit
553 2880 880 2940 auctoritas
917 2881 1317 2955 prudentium.
1372 2881 1576 2956 itaque
1612 2880 1676 2939 in
1712 2880 2090 2940 enucleandis
2124 2880 2615 2955 conectendisque

312 2988 586 3065 reliquiis
608 2987 825 3045 Lucilii
851 3006 979 3063 ego,
1007 2987 1103 3045 cui
1121 3006 1239 3046 non
1259 2989 1391 3045 erat
1416 2987 1571 3045 tanti
1596 2987 1973 3063 ingeniosum
1999 2987 2189 3047 videri
2215 2988 2424 3063 quanti
2451 3006 2617 3047 vera-

315 3114 461 3169 cem,
492 3113 732 3170 semper
759 3093 979 3166 studui,
1008 3095 1079 3152 ut
1105 3095 1168 3152 et
1194 3094 1379 3169 probe
1406 3095 1750 3153 recordarer
1776 3114 1862 3168 ea,
1892 3114 2043 3170 quae
2072 3094 2379 3154 Nauckius
2411 3096 2616 3152 noster

316 3202 604 3262 disseruit
644 3201 718 3259 de
760 3200 1116 3259 difficultate
1157 3200 1377 3275 incepti
1422 3200 1561 3259 talis
1607 3201 1794 3276 praef.
1836 3201 2042 3277 Eurip.
2085 3202 2261 3278 frgm.
2308 3219 2406 3276 pg.
2448 3199 2613 3271 VIII,

315 3310 618 3386 simulque
656 3327 800 3367 cane
836 3308 1006 3383 peius
1035 3311 1097 3367 et
1124 3327 1320 3384 angue
1347 3307 1604 3367 odissem
1631 3308 1940 3368 levitatem
1967 3309 2149 3381 illam,
2187 3326 2307 3383 qua
2331 3324 2615 3381 praeceps

317 3417 495 3476 datus
518 3415 880 3475 Ribbeckius
908 3415 972 3473 in
998 3414 1447 3491 quaestionibus
1469 3415 1751 3473 scaenicis
1770 3415 2072 3473 interdum
2090 3415 2239 3474 adeo
2257 3413 2613 3490 fragmenta,

314 3543 469 3600 quae
506 3522 708 3582 aliena
743 3524 957 3581 essent·
981 3521 1218 3581 omnino
1254 3540 1292 3579 a
1319 3520 1587 3596 tragicis,
1625 3521 1844 3597 quibus
1879 3521 1943 3579 in
1978 3520 2303 3597 tragoediis
2340 3539 2458 3596 quo
2484 3519 2614 3579 loco

316 3629 578 3705 fuissent
604 3629 1015 3688 demonstrare
1052 3627 1165 3687 sibi
1193 3628 1357 3687 visus
1387 3629 1496 3686 est.
1532 3658 1606 3668 ——
1642 3647 1712 3686 ac
1738 3629 1943 3716 tamen
1969 3646 2151 3703 quam
2176 3626 2407 3685 lubrica
2433 3627 2617 3684 fuerit

316 3737 415 3796 via
438 3737 562 3796 ista
588 3734 973 3812 quantumvis
1011 3737 1183 3793 caute
1211 3734 1569 3810 ingredienti
1605 3733 1779 3793 facile
1806 3737 2134 3810 agnoscent
2159 3733 2613 3793 existimatores

315 3844 418 3920 qui
448 3843 502 3902 si
528 3862 609 3902 ne
636 3843 749 3901 hac
785 3842 1026 3919 quidem
1063 3842 1126 3900 in
1151 3844 1322 3917 parte
1350 3840 1613 3900 muneris
1653 3841 1730 3899 ab
1767 3843 1897 3899 arte
1935 3859 2043 3900 nos
2072 3841 2466 3917 degenerasse
2497 3842 2615 3899 sta-

316 3951 560 4024 tuerint,
599 3949 753 4008 nihil
788 3948 958 4008 nobis
994 3949 1219 4025 poterit
1258 3948 1523 4008 accidere
1559 3947 1811 4023 gratius.
1883 3966 2025 4006 sane
2059 3965 2356 4023 nusquam
2390 3947 2614 4006 maiore
2705 3952 2714 3961 ’

315 4057 612 4117 modestia
637 4055 731 4114 uti
757 4073 854 4114 me
880 4056 1139 4115 memini.
1180 4058 1275 4115 est
1300 4057 1363 4114 et
1388 4054 1683 4131 quaedam
1711 4053 1902 4114 virtus
1921 4053 2236 4113 nesciendi.
2277 4053 2457 4112 liceat
2482 4072 2628 4112 esse·

318 4164 380 4222 in
404 4163 632 4224 litteris
661 4162 822 4238 quod
850 4162 931 4221 sit
956 4163 1290 4222 obscurum.
1416 4228 1428 4236 ,
1518 4148 1527 4163 ’

490 4270 865 4347 Fragmenta
892 4288 963 4329 ea
988 4288 1141 4345 quae
1175 4268 1340 4328 nullo
1367 4268 1793 4344 usquequaque
1821 4270 2171 4327 tenerentur
2202 4285 2358 4325 nexu
2384 4267 2473 4326 ita
2499 4268 2614 4328 dis·
2737 4280 2742 4285 ’

314 4378 502 4455 posui,
541 4378 617 4436 ut
633 4375 894 4453 primum
922 4375 1100 4438 Nonii
1128 4375 1410 4453 Festique
1431 4394 1498 4436 ac
1517 4375 1882 4452 reliquorum
1900 4374 2452 4451 glosographorum,
2482 4376 2613 4434 tum
