3267 5075
688 411 822 476 210
1585 410 1806 465 LIBER
1841 410 1961 465 IIII.
2009 410 2066 464 V.

692 577 1009 635 vocabulum
1041 594 1206 633 sensu
1240 594 1349 650 quo
1380 575 1510 633 dicit
1539 577 1630 633 ille
1662 579 1900 651 positum
1942 576 2307 633 adsereretur.
2351 605 2437 619 --
2480 576 2566 631 his
2597 576 2824 632 versibus
2852 585 2948 632 tra-

692 664 796 737 gici
843 664 1027 719 nescio
1059 663 1214 718 cuius
1246 663 1453 718 irrideri
1486 669 1542 717 et
1562 661 1869 735 ‚dictionum
1901 661 2276 716 abundantiam
2322 667 2378 716 et
2420 677 2602 715 rerum
2646 660 2952 731 foeditatem,

689 747 934 803 Canidiae
979 756 1072 802 aut
1102 747 1354 821 Thyestis
1400 740 1626 802 mensas
1658 746 1983 802 referentem
2014 745 2199 801 monui
2229 735 2354 800 libri
2384 747 2560 801 nostri
2590 763 2681 820 pg.
2711 745 2842 802 383.
2880 774 2948 784 —

691 834 1067 889 Eumenidum
1107 847 1210 906 pro
1257 832 1696 892 Eumenidibus‚·
1750 833 1820 886 ita
1867 847 2041 886 manu
2085 847 2185 905 pro
2229 831 2494 886 manibus
2547 839 2693 884 recte
2734 831 2951 886 restituit

689 918 967 991 Roeperus
1011 918 1067 972 in
1114 915 1381 972 trochaeis
1425 915 1680 972 Varronis
1736 915 2154 989 elegantissimis
2212 915 2306 988 qui
2359 914 2622 988 leguntur
2663 914 2781 972 483
2822 932 2865 976 s.
2906 932 2951 972 v.

689 1009 1024 1059 mansuetem
1070 1009 1125 1057 ct
1167 1017 1440 1056 mansuem
1486 1008 1997 1074 pro-mansuetum:

861 1138 970 1177 non
1016 1120 1196 1176 vidisti
1240 1130 1301 1176 tu
1345 1117 1521 1175 leonis
1566 1119 1910 1176 simulacrum
1955 1117 2061 1174 ldai
2112 1118 2266 1190 loco,

859 1205 950 1260 ubi
995 1222 1117 1261 eum
1164 1204 1434 1277 quondam
1480 1203 1659 1259 subito
1704 1221 1827 1259 cum
1871 1204 2130 1259 vidissent
2175 1202 2309 1258 Galli
2355 1202 2753 1277 quadrupedem

857 1291 1124 1363 tympanis
1170 1289 1305 1344 adeo
1352 1288 1596 1344 fecerunt
1644 1305 1951 1360 mansuem,
1999 1297 2057 1344 ut
2104 1295 2396 1343 tractarent
2439 1305 2615 1344 manu.

691 1411 1066 1466 Eumenidum
1111 1412 1473 1465 sanctissima
1509 1410 1760 1481 Erinyn
1806 1406 2128 1463 abundantia
2173 1408 2458 1480 orationi8‚
2504 1417 2566 1463 ut
2596 1407 2633 1464 l.
2667 1408 2791 1463 XXX
2831 1411 2953 1481 leyi-

690 1497 796 1551 bus
839 1496 1020 1550 exlex
1064 1503 1119 1549 et
1164 1493 1315 1548 xxvi
1362 1497 1595 1565 speculo
1629 1495 2141 1565 ,despeeulassera
2238 1508 2247 1515 ·

858 1577 955 1634 22.
1028 1579 1131 1633 iam
1179 1586 1236 1634 ut
1265 1594 1426 1652 spero
1459 1577 1886 1634 emendationem
1932 1576 2034 1633 loci
2067 1593 2095 1632 a
2127 1577 2424 1651 plerisque,
2471 1586 2526 1633 et
2566 1576 2631 1633 ab
2664 1578 2777 1652 ipso
2807 1576 2955 1634 Lach-

692 1679 885 1720 manuo
935 1656 1154 1739 [comm.
1200 1663 1359 1718 Lucr.
1409 1656 1560 1738 248]
1618 1661 1820 1718 frustra
1868 1663 2143 1735 temptati,
2200 1663 2500 1718 mutatione
2546 1664 2630 1718 vix
2686 1662 2789 1719 ulla
2834 1661 2955 1718 sacta

688 1747 1029 1823 perfecimus».
1076 1779 1157 1789 -
1203 1747 1541 1803 demonstrat
1584 1746 1821 1802 Lucilius
1861 1745 2168 1817 manifesto,
2216 1746 2402 1819 quales
2447 1747 2500 1802 in
2546 1747 2831 1803 concubitu
2873 1763 2956 1821 ge·

689 1850 808 1889 rere
852 1849 911 1887 se
956 1831 1184 1888 debeant
1230 1834 1559 1904 meretricem,
1605 1830 1673 1886 de
1718 1847 1822 1903 qua
1867 1847 1924 1885 re
1956 1831 2139 1887 multis
2170 1830 2390 1886 Ovidius
2434 1832 2489 1886 iu
2522 1829 2629 1888 fine
2673 1834 2798 1887 artis
2831 1848 2953 1886 ama-

691 1919 878 1974 toriae.
937 1917 1066 1973 dieit
1112 1918 1282 1991 igitur
1327 1916 1531 1990 puellas
1562 1932 1675 1988 eaS‚
1722 1932 1855 1988 quae
1887 1932 2010 1970 cum
2055 1932 2165 1971 non
2211 1916 2357 1989 ipsae
2387 1918 2622 1972 sentiant
2653 1915 2837 1991 gaudia
2871 1915 2957 1970 Ve-

690 2003 834 2058 neris
881 2018 1018 2075 opus
1065 2009 1216 2056 motu
1247 2003 1495 2057 adiuvare
1541 2017 1651 2056 non
1683 2001 1918 2074 possint,
1963 2009 2111 2055 certe
2141 1999 2339 2056 debere
2371 1998 2556 2056 habitu
2587 2003 2827 2075 corporis
2858 1998 2955 2074 pla·

690 2102 834 2142 cere.
866 2115 947 2125 —-
978 2087 1251 2159 quodsim
1297 2087 1369 2141 ita
1399 2085 1436 2141 l.
1469 2086 1626 2141 XXlX
1657 2086 1883 2158 quidsin
1915 2087 2060 2140 dare
2092 2087 2316 2142 vellent.
2389 2084 2652 2141 Pacuvius
2697 2084 2957 2141 Duloreste

692 2170 752 2227 άί
796 2173 850 2225 si
890 2175 1052 2226 tanta
1101 2165 1240 2245 (cdd.
1288 2176 1349 2225 ut
1374 2173 1428 2226 si
1451 2166 1551 2245 ita)
1600 2172 1734 2227 sunt
1758 2173 2078 2243 promerita
2111 2169 2325 2242 vestra,
2373 2173 2758 2243 aequiperare
2799 2169 2956 2242 (equi-

686 2270 905 2328 perare
933 2254 972 2309 L
1009 2253 1066 2326 1)
1099 2256 1159 2310 ἀι
1189 2271 1394 2328 queam
1426 2255 1648 2325 vereor,
1680 2259 1767 2311 sin
1800 2253 2065 2327 umquam
2092 2255 2351 2328 fatisear
2373 2253 2587 2327 faeere
2617 2256 2772 2327 quod
2805 2251 2956 2327 quibd

691 2342 850 2403 boni3
880 2337 970 2394 ubi
1003 2337 1339 2395 membranae
1370 2337 1493 2396 479
1524 2343 1577 2397 si
1602 2354 1928 2412 numquam,
1964 2339 2085 2396 307
2118 2343 2230 2395 nisi
2255 2356 2567 2413 numquam
2602 2337 2775 2414 (nunc
2802 2355 2955 2412 quam

692 2425 730 2479 L
779 2421 869 2496 1),
926 2424 1032 2480 hoc
1088 2423 1301 2496 quidem
1359 2440 1422 2479 ex
1478 2433 1662 2498 aperta
1719 2424 2170 2498 interpolatione;
2228 2432 2330 2479 cer.
2381 2423 2451 2480 cs.
2508 2424 2563 2479 d.
2611 2442 2657 2479 r.
2704 2440 2774 2479 m.
2829 2420 2954 2479 398.

692 2516 855 2567 tanta
901 2525 1000 2583 pro
1048 2516 1104 2564 la
1152 2508 1294 2580 (uam
1328 2512 1351 2565 i
1377 2525 1440 2564 ex
1470 2507 1828 2582 praecedente
1862 2508 2126 2565 vocabulo
2159 2505 2419 2582 adhaesit)
2469 2518 2528 2565 ut
2560 2510 2612 2565 in
2647 2525 2801 2565 versu
2831 2505 2955 2562 Accii

694 2594 839 2666 227,
863 2594 945 2651 30
974 2595 1072 2649 ubi
1097 2596 1252 2649 nunc
1280 2597 1557 2650 terricula
1591 2593 1754 2650 ta'nta
1779 2598 1952 2650 sunt?
1994 2627 2055 2632 —
2090 2597 2340 2650 lactanti
2367 2598 2423 2650 in
2456 2598 2706 2656 sumine‚·
2735 2593 2841 2649 Cat.
2866 2589 2954 2661 64,

695 2680 932 2763 65tnon
980 2682 1150 2734 tereti
1192 2680 1448 2751 strophio
1491 2682 1770 2734 lactantis
1814 2683 2003 2735 vincla
2040 2682 2315 2751 papillas,

862 2762 961 2819 23.
1035 2765 1216 2838 agitur
1258 2762 1324 2819 de
1355 2764 1569 2819 bomine
1614 2766 1705 2837 qui
1737 2765 1961 2819 amicum
2009 2765 2416 2837 praecedentem
2455 2780 2521 2818 ex
2551 2765 2839 2837 improviso
2878 2758 2953 2816 ad·

691 2856 911 2905 secutus
942 2847 1212 2903 blanditiis
1243 2864 1409 2921 paene
1441 2857 1647 2904 enecat.
1691 2878 1777 2888 —
1819 2850 2319 2906 conmanducatur
2347 2855 2701 2924 eomestque3
2738 2849 2809 2904 ita
2838 2844 2955 2901 Mar-

694 2932 836 2988 tialis
885 2931 1045 3003 Vtut,
1093 2932 1194 3003 59,
1240 2931 1278 2986 3
1323 2936 1578 3004 inspexit
1621 2934 1820 2989 molles
1854 2949 2076 3004 pueros
2120 2935 2412 3006 oculisque
2459 2935 2716 2990 comedit.
2803 2933 2869 2987 ita
2907 2935 2954 2983 et

693 3035 794 3073 nos
826 3019 1076 3091 jemand
1116 3033 1226 3072 aus
1267 3019 1411 3072 liebe
1442 3018 1736 3089 aufessen.
1782 3047 1867 3056 -
1913 3019 2110 3073 retinet
2147 3017 2280 3072 illud
2311 3020 2585 3089 amplexa
2619 3015 2954 3072 Franckenius

691 3120 786 3176 pg.
837 3100 946 3172 24,
993 3102 1085 3173 qui
1132 3117 1239 3156 uon
1284 3100 1350 3155 de
1397 3101 1619 3156 muliere
1666 3101 1759 3157 scd
1806 3102 1871 3157 de
1919 3110 2162 3158 monstro
2210 3101 2440 3175 quodam
2485 3101 2632 3157 velut
2677 3100 2833 3157 Larva
2875 3104 2952 3153 aut

692 3186 861 3241 Mania
905 3194 997 3241 aut
1039 3184 1291 3240 Manduca
1337 3185 1466 3241 haec
1512 3185 1876 3260 intellegenda
1920 3202 2040 3241 esse
2097 3185 2198 3242 sibi
2242 3188 2511 3260 persuasit
2565 3195 2619 3242 et
2674 3186 2893 3242 sortasse
2929 3196 2953 3235 a

694 3280 862 3326 matre
905 3269 970 3326 ad
1015 3268 1326 3325 terrendum
1370 3287 1598 3343 puerum
1642 3275 1870 3327 narrata.

864 3354 963 3411 25.
1039 3353 1170 3410 illud
1204 3356 1315 3412 edit
1344 3356 1618 3428 praeteriti
1651 3371 1769 3410 esse
1801 3364 2041 3430 apparet.
2117 3358 2296 3430 agitur
2327 3355 2393 3410 de
2424 3355 2642 3412 homine
2672 3354 2952 3421 luxurioso,

692 3439 853 3496 simili
897 3439 992 3495 illo
1023 3439 1344 3496 Nomentani
1374 3441 1587 3513 nepotis
1617 3441 1919 3513 eodemque
1949 3442 2212 3514 parasito,
2256 3442 2349 3514 qui
2391 3449 2680 3515 postquam
2710 3457 2804 3498 sua
2833 3437 2953 3493 bona

692 3524 948 3596 comedit,
990 3522 1189 3581 alienas
1234 3541 1367 3598 opes
1397 3532 1622 3598 spectat.
1692 3525 1828 3580 inl'ra
1860 3525 1896 3581 l.
1929 3524 2151 3581 xxvtnl
2187 3528 2500 3598 paulisper
2530 3528 2819 3583 comedent
2853 3523 2951 3577 iam

693 3610 842 3664 haec
885 3624 1009 3665 sese
1052 3613 1117 3663 ut
1152 3611 1406 3683 polypus
1448 3613 1595 3680 ipsa.
1650 3641 1716 3649 —-
1769 3609 1953 3665 Cicero
1999 3609 2064 3665 de
2109 3610 2395 3666 consulatu
2439 3627 2540 3666 suo

1098 3744 1330 3801 quorum
1376 3726 1614 3786 luxuries
1663 3729 1932 3785 fortunam
1977 3747 2039 3785 ae
2080 3747 2239 3786 censa
2283 3731 2513 3804 peredit.

696 3849 766 3903 ita
812 3848 951 3903 enim
997 3845 1338 3903 scribendum
1371 3858 1533 3923 puto;
1582 3833 1702 3905 uafn
1734 3850 1898 3922 vulgo
1947 3852 2121 3905 minus
2151 3859 2300 3905 recte
2325 3851 2636 3923 fortunata
2666 3865 2851 3906 censa.
2883 3871 2943 3883 --

695 3932 925 3989 fortasse
970 3934 1131 3987 etiam
1164 3931 1263 3989 25.
1298 3933 1375 3989 26
1423 3934 1486 3988 ad
1519 3935 1783 3990 luxuriam
1829 3936 2126 4007 aequalium
2159 3935 2523 4008 castigandam
2555 3936 2819 4011 pertinere
2857 3938 2946 3985 sta-

694 4019 774 4073 tui
815 4018 1040 4092 poterit.

866 4101 965 4159 26.
1032 4117 1268 4158 munere
1298 4100 1526 4158 dativus.
1597 4121 1749 4175 prae
1779 4121 1841 4161 se
1866 4111 2140 4176 portant;
2169 4103 2428 4161 Pacuvius
2454 4121 2725 4163 armorum
2747 4097 2945 4159 iudicio:

695 4193 811 4243 tum
836 4203 990 4258 prae
1011 4202 1076 4243 se
1097 4192 1340 4257 portant
1369 4189 1769 4245 ascendibilem
1815 4193 2086 4248 semitam.
2138 4220 2213 4228 —-

868 4306 928 4375 V,
980 4307 1032 4361 1.
1108 4314 1294 4362 macte
1332 4338 1411 4368 -,
1436 4310 1645 4363 virtute
1674 4338 1754 4348 -—
1788 4317 1936 4370 esim
1994 4309 2122 4364 lior.
2171 4318 2272 4371 sat,
2320 4310 2371 4380 l,
2419 4310 2484 4366 2:
2542 4318 2724 4368 macte
2765 4310 2947 4364 virtute

696 4397 815 4446 esto
857 4394 1040 4462 inquit
1083 4396 1366 4447 sententia
1411 4394 1507 4446 dia
1557 4392 1803 4448 Catonis.
1857 4421 1930 4433 -—
1976 4400 2217 4448 ceterum
2263 4394 2410 4469 quod
2452 4396 2623 4453 refert
2652 4394 2852 4452 Servius
2892 4384 2944 4442 ad

307 4733 1881 5021 ¹⁴2OE
