3267 5075
1318 344 1538 398 LIBER
1572 344 1669 400 XI.
2567 341 2651 405 57

1391 506 1485 570 IX
1513 505 1599 572 ὃ*

530 622 659 689 Oie.
706 623 885 688 Brut.
930 623 1038 707 46,
1079 619 1242 688 172:
1289 644 1410 708 ego
1456 622 1721 687 memini
1765 620 1837 686 Τ.
1883 621 2152 687 Tincam
2198 621 2647 688 Placentinum

325 741 680 806 hominem
726 739 1223 804 facetissumum.
1254 762 1398 804 cum
1444 738 1748 803 familiari
1795 742 2018 802 nostro
2067 738 2139 815 Q.
2178 736 2420 802 Granio
2467 760 2649 822 prae-

326 879 514 921 cone
570 855 905 921 dicacitate
964 857 1223 920 certare.
1333 876 1480 939 eon,
1535 854 1749 940 inquit
1800 853 2069 938 BrutuS,
2134 854 2210 919 de
2267 876 2393 939 quo
2448 855 2654 918 multa

325 972 680 1038 Lucilius?
1342 992 1361 996 ·

1365 1058 1426 1124 Χ
1473 1060 1569 1142 [5]
1601 1083 1644 1123 α

475 1183 479 1187 ’
535 1173 866 1260 Scipiadae
914 1196 1152 1261 magno
1199 1176 1509 1259 inprobus
1558 1175 1880 1240 obiciebat
1924 1173 2180 1239 Asellus

392 1292 484 1358 15
532 1293 807 1357 lustrum
853 1291 965 1355 illo
1013 1310 1276 1356 censore
1320 1291 1564 1362 malum
1609 1291 1957 1375 infelixque
2001 1290 2217 1355 fuisse.

353 1413 356 1415 ’
1341 1405 1434 1469 XI
1481 1407 1576 1488 [3]
1606 1408 1650 1489 β

533 1520 750 1588 Luciu’
798 1520 992 1587 Cotta
1038 1543 1254 1605 senex,
1303 1520 1519 1587 Crassi
1565 1524 1749 1606 pater
1792 1520 1965 1585 huiu’
2012 1523 2320 1605 panaethi

532 1636 790 1724 magnu'
837 1638 962 1702 fuit
1006 1638 1204 1703 treico
1251 1636 1652 1721 nummariu’,
1700 1638 1944 1703 solvere
1991 1637 2152 1701 nulli

532 1755 763 1818 lentuS.

1333 1841 1460 1906 XII
1507 1846 1601 1924 [l]
1633 1867 1674 1925 ν

536 1960 812 2036 Quintus
860 1936 1152 2042 Opimius
1198 1959 1333 2041 ille,
1379 1957 1703 2044 Iugurtini
1748 1962 1932 2042 pater
1976 1959 2194 2043 huius,

389 2079 486 2143 20
535 2079 601 2140 et
644 2075 966 2163 formosus
1012 2075 1206 2139 homo
1252 2075 1377 2139 fuit
1422 2078 1486 2139 et
1530 2075 1819 2139 famosus
1829 2126 1846 2159 ‚
1892 2078 2233 2160 utrumque

533 2192 742 2277 primo
790 2191 1160 2278 adulescens
1170 2241 1188 2275 ‚
1233 2192 1552 2275 posterius
1599 2190 1711 2255 dat
1754 2189 1970 2255 rectiu'
2020 2212 2173 2255 sese.

1318 2305 1478 2371 XIII
1525 2308 1620 2389 [2]
1653 2308 1694 2371 ὃ

537 2422 780 2491 Cassiu'
829 2421 1030 2487 Graius
1074 2421 1181 2487 hic
1227 2423 1581 2507 operarius,
1628 2445 1818 2508 quem
1866 2421 2299 2506 Cephalonem

536 2538 789 2606 dieimu’
800 2591 817 2623 ,
865 2543 1176 2604 sectorem
1222 2540 1554 2625 furemque
1602 2577 1686 2585 —-
1732 2539 1904 2605 hunc
1950 2539 2198 2605 Tullius
2245 2541 2511 2624 inquam

535 2657 731 2722 index
774 2655 1072 2721 heredem
1117 2655 1297 2738 facit,
1344 2659 1409 2719 et
1454 2655 1744 2720 damnati
1792 2655 1901 2720 alii
1948 2677 2188 2720 omneS.

352 2856 404 2904 X
466 2851 676 2904 Gellius
711 2852 840 2912 1111,
880 2853 962 2913 17,
1005 2852 1030 2899 1
1069 2851 1321 2901 Lucilii
1356 2866 1422 2899 ex
1459 2850 1554 2900 XI.
1593 2850 1644 2916 (e
1668 2866 1793 2900 exxr
1821 2849 1889 2915 R)
1927 2866 2117 2902 versus
2142 2855 2272 2901 sunt
2296 2878 2361 2885 —-
2389 2850 2656 2901 obiciebat

352 2941 385 2972 o
423 2922 587 2973 litera
623 2920 888 2987 producta
921 2918 1123 2970 multos
1156 2918 1336 2983 legere
1374 2917 1552 2970 audio.
1691 2919 1771 2968 XI
1824 2921 1963 2970 Non.
2000 2921 2082 2979 22,
2108 2922 2174 2970 29
2210 2919 2509 2969 tricones
2546 2934 2656 2968 mo-

351 2991 471 3042 rosi
506 2994 561 3040 et
598 2989 667 3039 ad
701 2987 1031 3038 reddendum
1056 2987 1193 3038 duri.
1255 2986 1566 3037 Lucilius
1591 2990 1903 3050 satyrarum
1936 2987 2034 3038 lib.
2059 2986 2140 3038 XI
2166 3013 2227 3022 —-
2254 2987 2308 3037 id
2334 2992 2421 3037 est
2455 2985 2654 3036 facilis.

353 3084 424 3096 —
460 3058 608 3109 Idem
645 3058 768 3117 338,
811 3058 870 3106 10
915 3056 1162 3106 lentum
1197 3054 1374 3105 facile.
1455 3055 1765 3106 Lucilius
1810 3061 2126 3120 satyrarum
2161 3054 2255 3104 lib.
2291 3054 2387 3103 XI.
2550 3052 2657 3104 XII

358 3125 500 3178 Non.
537 3126 664 3186 305,
704 3126 770 3175 25
806 3123 950 3174 unde
987 3129 1041 3173 et
1076 3123 1393 3173 famosum
1428 3122 1631 3173 dietum
1667 3127 1750 3172 est
1784 3122 2000 3174 infame.
2071 3122 2359 3173 Terentius
2397 3148 2459 3158 -
2496 3119 2658 3170 Plau-

356 3201 451 3246 tus
487 3220 551 3232 —-
590 3191 901 3243 Lucilius
955 3195 1261 3257 satyrarum
1312 3189 1405 3240 lib.
1440 3189 1536 3239 XI.
1676 3190 1812 3241 XIII
1867 3191 2009 3241 Non.
2064 3192 2190 3252 276,
2238 3192 2302 3239 22
2339 3189 2655 3239 damnare

301 3302 310 3312 .
356 3267 443 3313 est
497 3256 843 3312 exheredare.
928 3259 1240 3310 Lucilius
1295 3264 1601 3323 satyrarum
1654 3258 1751 3309 lib.
1795 3257 1874 3308 XI
1930 3257 2341 3324 (satyrarum
2393 3256 2508 3306 lib.
2568 3255 2657 3305 XI

539 3438 617 3495 14
661 3436 942 3513 improbus
987 3439 1144 3495 libri.
1191 3467 1272 3478 —
1314 3434 1582 3512 improbu’
1629 3436 1907 3511 Scipiadae
1965 3453 2161 3510 magno
2213 3435 2409 3492 Lehm.
2459 3450 2655 3492 comm.

360 3526 533 3583 Lucr.
582 3522 706 3580 413
753 3526 873 3580 sine
917 3539 1115 3580 causa.
1294 3520 1370 3579 16
1416 3520 1612 3577 Lucius
1670 3523 1901 3594 scripsit
1948 3521 2309 3584 Gulielmius;
2354 3519 2456 3575 22
2504 3517 2659 3575 Luci-

367 3610 470 3666 lius
516 3610 676 3665 Cotta
716 3609 764 3664 L
798 3608 855 3679 1,
889 3608 934 3664 G
980 3607 1156 3678 Cotta,
1201 3607 1366 3663 etita
1397 3608 1525 3664 cdd.
1560 3606 1703 3664 338.
1748 3635 1827 3648 -—
1878 3600 2190 3661 παναίθου
2235 3604 2392 3674 Iun„
2441 3603 2656 3659 Panaeti

371 3694 614 3764 Bentin„
647 3694 735 3755 1),-
778 3693 963 3767 paneci
990 3692 1065 3763 G,
1096 3692 1283 3766 paceni
1313 3691 1361 3746 L
1394 3690 1428 3747 1
1465 3708 1565 3765 pq.
1601 3690 1704 3762 22,
1737 3689 1859 3747 338
1889 3691 1985 3746 lib.
2019 3707 2147 3746 cum
2177 3691 2252 3760 Β,
2287 3690 2427 3746 Gen.
2470 3704 2657 3762 pacem

366 3786 420 3836 et
463 3780 536 3835 ib.
567 3795 796 3852 magnus
830 3778 966 3860 trico
1012 3775 1208 3848 (troico
1240 3775 1313 3846 B,
1359 3776 1523 3848 Gen.)
1569 3776 1703 3844 fuit3
1754 3775 1889 3831 trico
1924 3777 2048 3831 cdd.
2086 3774 2184 3830 22.
2323 3775 2398 3831 19
2447 3775 2660 3849 opimus

368 3934 519 4003 cdd„
568 3949 722 3989 corr.
775 3931 953 3987 Turn.
1000 3961 1085 3973 —
1128 3872 1487 4004 luguri'ini'i:
1523 3929 1577 3999 1,
1624 3921 1897 4000 lugurlini
1928 3930 2003 4000 Β,
2039 3929 2200 3998 Gen„
2246 3928 2552 4002 Iugurthini
2597 3926 2661 3981 G.

480 4008 581 4074 ‘20
624 4017 896 4071 formosus
943 4023 1183 4089 utrumq,
1231 4015 1334 4072 sed
1376 4021 1482 4091 ulr.
1515 4017 1755 4087 punctis
1785 4020 2041 4070 notatum
2070 4013 2118 4068 L
2155 4015 2206 4068 1.
2341 4011 2416 4067 21
2465 4010 2557 4065 dat
2588 4010 2662 4077 Β,

369 4101 435 4156 da
473 4101 521 4157 L
556 4101 611 4172 1,
656 4101 732 4164 G,·
777 4099 902 4156 dare
955 4101 1201 4157 Turneb.
1334 4098 1412 4154 22
1454 4098 1758 4155 cefalonem
1800 4100 1950 4155 libri.
2085 4095 2163 4154 23
2210 4103 2477 4152 sectorem
2522 4094 2570 4149 L
2604 4095 2661 4166 1,

372 4186 533 4259 Gen„
566 4192 839 4241 sextorem
872 4186 938 4242 G.
984 4214 1067 4226 —-
1114 4184 1396 4257 furemque
1428 4183 1607 4255 Scal.‚
1640 4182 1971 4257 Furiumque
2005 4184 2131 4239 cdd.
2184 4211 2255 4221 —-
2306 4195 2465 4254 quem
2495 4180 2661 4248 idem,

373 4272 593 4344 inquam
636 4269 718 4328 M.
894 4269 973 4325 24
1018 4269 1139 4325 idcx
1184 4269 1256 4324 B.
1305 4299 1380 4308 —
1428 4268 1582 4338 facit,
1631 4276 1684 4323 at
1732 4268 1915 4339 δραι,
1972 4269 2232 4339 fortasse
2279 4265 2437 4335 [θοῆς
2484 4262 2661 4327 damu,

374 4386 455 4393 —-
502 4358 603 4411 illa
650 4371 796 4429 quae
840 4362 974 4413 sunt
1013 4358 1203 4428 posita
1246 4359 1381 4410 ante
1426 4353 1570 4408 hunc
1615 4371 1719 4409 om.
1766 4354 1837 4410 B.
