3267 5075
626 381 881 443 XXXIV
1082 374 1609 441 QUAESTIONUM
1646 369 2205 428 LUCILIANARUM
2240 370 2475 424 LIBER.

627 546 1013 605 meisterus
1052 543 1300 618 Gothae,
1344 542 1807 603 Schiefnerus
1846 544 1910 600 et
1941 540 2266 600 Hehnius
2304 539 2625 622 Petropoli.
2680 555 2791 597 nec
2817 537 2929 595 mi-

630 672 774 713 nore
811 671 946 711 cum
980 652 1158 710 laude
1194 652 1612 710 memorandus
1655 648 2021 735 Nauckius
2064 650 2270 708 noster
2306 638 2471 727 (cum
2506 666 2624 723 quo
2659 644 2927 721 quotidie

630 779 818 835 paene
855 760 932 818 ad
965 758 1122 819 vada
1157 758 1394 816 caerula
1419 743 1628 818 Novae
1667 746 2259 836 συμφιλολογοῢμεν),
2297 754 2402 830 qui
2436 751 2762 814 sciscitanti
2794 770 2930 812 con-

631 867 778 926 siliis
807 885 1136 942 numquam
1163 864 1371 924 defuit.

808 972 1203 1049 Corrigendas
1225 972 1472 1031 schedas
1493 973 1556 1028 et
1573 970 1893 1031 verborum
1916 968 2140 1027 indices
2160 967 2552 1028 conficiendos
2570 967 2928 1026 Aemilius

630 1079 1117 1140 Baehrensius
1163 1082 1235 1138 ut
1268 1099 1386 1138 non
1422 1077 1510 1136 ita
1554 1096 1771 1153 magno
1820 1096 1934 1135 usu
1983 1076 2197 1133 harum
2232 1094 2450 1148 rerum,
2491 1094 2709 1151 magno
2766 1076 2928 1133 certe

632 1188 830 1247 studio
869 1188 1145 1263 suscepit.
1200 1186 1376 1260 idem,
1405 1188 1477 1244 ut
1511 1186 1606 1244 est
1641 1184 1988 1243 adulescens
2026 1182 2286 1259 optimae
2324 1181 2466 1257 spei,
2504 1181 2600 1241 hic
2634 1181 2759 1239 illic
2795 1200 2930 1240 con-

558 1375 563 1380 ·
630 1295 861 1354 iectura
887 1295 1090 1370 aliqua
1116 1294 1212 1355 vel
1240 1292 1657 1354 observatione
1683 1310 1791 1350 nos
1818 1290 1987 1350 iuvit.

809 1402 935 1461 Nec
970 1401 1338 1460 fraudandus
1376 1419 1487 1460 sua
1519 1398 1699 1458 laude
1736 1397 2179 1470 Teubner-ue,
2220 1394 2548 1471 bibliopola
2581 1393 2928 1453 honestissi-

631 1528 781 1582 mus,
821 1509 924 1584 qui
953 1508 1190 1570 solitam
1223 1507 1412 1584 ipsius
1441 1505 1692 1566 officinis
1721 1504 2096 1580 diligentiam
2124 1503 2601 1579 elegantiamque
2630 1502 2729 1562 vel
2755 1520 2928 1577 supe-

632 1616 793 1676 ravit
818 1617 928 1675 hoc
955 1634 1133 1690 opere
1163 1614 1519 1674 excudendo.

813 1720 929 1780 Sed
949 1739 1062 1796 age
1082 1721 1203 1779 iam
1219 1721 1480 1797 primum
1503 1719 1770 1779 omnium
1796 1719 2159 1778 disseramus
2188 1717 2271 1775 de
2298 1716 2667 1776 codicibus
2696 1714 2927 1775 Nonii.

812 1828 1010 1905 Igitur
1046 1847 1120 1886 ex
1155 1828 1248 1887 his
1287 1828 1401 1887 etsi
1429 1826 1916 1885 Guelferbitanus
1953 1824 2138 1884 habet
2167 1823 2410 1900 propria
2434 1823 2729 1899 quaedam
2756 1823 2927 1895 bona,

635 1935 837 1994 nullus
867 1937 961 1994 est
987 1935 1226 1994 maioris
1255 1934 1628 1993 auctoritatis
1659 1933 1838 2009 quam
1875 1931 2382 2009 Lugdunensis
2419 1931 2618 2006 prior
2654 1949 2728 1988 ex
2753 1948 2927 1988 mscr.

635 2042 768 2101 Lat.
796 2041 1122 2115 Vossianis‚
1160 2041 1264 2116 qui
1293 2043 1434 2100 sunt
1459 2041 1523 2098 in
1547 2040 1708 2114 folio,
1748 2039 2225 2115 septuagesimus
2262 2038 2495 2097 tertius,
2551 2037 2810 2112 scriptus
2840 2041 2934 2096 est

571 2239 576 2246 ,
638 2167 789 2207 saec.
817 2147 903 2206 IX
928 2148 1027 2207 vel
1054 2148 1107 2205 X
1137 2140 1405 2228 (minime
1433 2137 1563 2226 XI),
1591 2131 1785 2208 tribus
1814 2146 2055 2222 quidem
2081 2145 2373 2219 manibus,
2408 2146 2478 2202 ut
2505 2144 2775 2203 diversae
2797 2138 2930 2202 ¹eius

637 2257 839 2330 partes
883 2274 920 2313 a
961 2254 1211 2314 diversis
1252 2253 1513 2334 librariis
1557 2254 1767 2313 eodem
1805 2256 2074 2330 tempore
2114 2254 2433 2313 videantur
2468 2270 2599 2310 esse
2637 2253 2929 2310 exaratae.

637 2362 789 2420 hanc
808 2361 1217 2420 membranam
1235 2379 1370 2419 cum
1396 2361 1562 2436 prius
1591 2360 1655 2417 in
1681 2358 1897 2418 Lucilii
1916 2380 2093 2419 usum
2111 2359 2519 2433 excussissem,
2549 2376 2689 2416 mox
2708 2356 2954 2433 Zange2

638 2468 954 2528 meisterus
997 2468 1310 2545 diligentia
1350 2470 1414 2526 et
1452 2467 1568 2526 fide
1615 2468 1787 2526 extra
1826 2486 2063 2526 omnem
2108 2465 2460 2526 criminandi
2504 2465 2698 2523 aleam
2738 2453 2935 2541 posita

638 2576 833 2664 denuo
862 2575 1129 2650 contulit„
1160 2576 1471 2636 collatione
1500 2575 1661 2634 facta
1687 2594 1823 2634 cum
1848 2593 1924 2633 ne
1950 2575 2078 2650 ipse
2106 2577 2381 2634 uteretur
2407 2572 2664 2650 propriis
2692 2572 2934 2632 distine-

639 2687 809 2742 retur
844 2683 1101 2760 negotiis
1137 2683 1285 2742 mihi
1321 2683 1515 2743 cessit.
1579 2682 1676 2741 hic
1711 2682 1865 2740 liber
1899 2685 1970 2741 ut
2007 2682 2245 2741 omnino
2290 2680 2366 2739 ad
2403 2680 2658 2756 primam
2690 2697 2934 2738 manum

640 2790 820 2850 Nomi
860 2790 948 2849 ita
988 2791 1065 2848 ad
1105 2791 1595 2867 orthographiam
1631 2789 2109 2864 antiquissimam
2148 2787 2581 2847 restituendam
2621 2786 2801 2861 pretii
2842 2787 2936 2845 est

640 2897 899 2971 maximi,
930 2915 1000 2956 ea
1026 2901 1230 2957 tamen
1248 2893 1602 2970 condicione,
1623 2899 1697 2955 ut
1713 2898 2098 2970 correcturas,
2118 2895 2312 2970 prima
2331 2894 2457 2955 sive
2477 2893 2736 2952 secunda
2754 2910 2934 2952 manu

640 3022 793 3080 quae
820 3022 1160 3079 provenere,
1191 3005 1317 3064 fere
1341 3023 1609 3080 respuas.
1665 3023 1819 3079 quae
1856 3003 1908 3063 si
1943 3003 2035 3062 bis
2074 3004 2242 3062 terve
2275 3005 2420 3060 sunt
2445 3001 2637 3058 factae
2666 2992 2933 3059 adhibito

641 3092 1192 3187 archetyp0,1ocis
1175 3087 1500 3170 innumeris
1519 3109 1995 3186 interpolationis
2023 3111 2306 3167 tenentur
2322 3107 2750 3184 apertissimae.
2796 3126 2936 3166 nam

642 3219 800 3294 quod
842 3217 987 3277 dicit
1027 3217 1429 3278 Franckenius
1467 3217 1512 3292 Ι,
1555 3221 1591 3277 9
1640 3216 1825 3276 ‘illius
1868 3210 2077 3292 optimi
2118 3216 2331 3275 codicis
2375 3214 2818 3274 emendationes
2860 3212 2937 3272 ab

644 3326 852 3385 eadem
892 3343 1073 3383 manu
1116 3343 1246 3385 esse
1298 3343 1449 3400 quae
1494 3325 1718 3383 librum
1756 3325 1955 3400 ipsum
1997 3323 2303 3399 scripserit
2341 3341 2449 3381 nec
2489 3321 2656 3398 prius
2698 3321 2938 3396 scriptis

645 3432 1001 3492 auctoritate
1031 3431 1237 3490 cedere
1250 3431 1281 3506 ⁹,
1310 3432 1372 3490 id
1400 3431 1476 3490 ab
1505 3431 1668 3490 omni
1694 3433 1865 3508 parte
1894 3430 2285 3489 falsissimum
2313 3431 2421 3489 est.
2455 3459 2530 3469 -
2566 3427 2708 3504 quid
2738 3425 2940 3485 enim?

643 3559 787 3598 num
806 3537 1159 3598 tantundem
1180 3539 1554 3598 auctoritatis
1582 3541 1760 3613 putat
1788 3557 1917 3597 esse
1946 3538 2048 3596 ille
2075 3537 2139 3595 in
2167 3557 2236 3596 eo
2263 3535 2422 3612 quod
2448 3535 2674 3612 legitur
2703 3536 2849 3608 321,
2874 3536 2940 3610 ὃς

650 3647 793 3720 248,
827 3648 864 3705 5
903 3667 980 3706 111.
1012 3665 1124 3707 sec.
1162 3646 1493 3722 repositum
1530 3645 1837 3712 Horatiae,
1876 3644 2146 3703 adolescit
2180 3663 2288 3720 pro
2325 3643 2665 3709 Munatius,
2705 3643 2944 3702 alescit?

645 3755 804 3829 quod
841 3755 1048 3812 eadem
1090 3753 1378 3828 Ver-quius
1415 3772 1651 3827 semper
1685 3751 1927 3810 refictus
1964 3751 2028 3808 in
2065 3750 2376 3825 Viryilium
2385 3751 2426 3808 ?·
2456 3749 2614 3825 quod
2641 3750 2946 3824 praeposi-

646 3861 838 3920 tiones
859 3860 1320 3936 compositorum
1348 3860 1568 3936 ubique
1595 3859 1723 3917 fere
1752 3857 2055 3934 sequentis
2082 3857 2252 3917 verbi
2280 3856 2504 3932 primae
2530 3855 2771 3914 litterae
2801 3859 2947 3915 sunt

648 3966 1065 4027 adsimilatae‘?
1095 3970 1158 4026 et
1183 3967 1293 4026 hoc
1320 3967 1576 4042 quidem,
1606 3968 1677 4024 ut
1703 3983 1943 4040 parcam
1962 3965 2218 4039 chartae,
2249 3964 2435 4024 semel
2461 3962 2765 4022 monuisse
2794 3963 2945 4023 satis

650 4075 780 4134 erit.
815 4077 889 4115 '—-
924 4093 1137 4150 nempe
1157 4073 1600 4133 emendationes
1625 4073 1699 4130 de
1718 4074 2059 4132 correctura
2075 4071 2268 4130 factae
2287 4073 2528 4147 praeter
2553 4069 2946 4146 paucissimas

525 4254 532 4260 .
650 4201 721 4239 ex
756 4183 1081 4257 archetypo
1111 4181 1458 4256 adsumptas
1500 4198 1618 4238 non
1659 4179 2044 4240 inveniuntur
2085 4178 2201 4236 nisi
2242 4177 2412 4251 tales,
2455 4195 2607 4253 quae
2648 4169 2724 4235 ne
2762 4178 2948 4237 medii

650 4288 889 4363 quidem
917 4287 1049 4348 aevi
1077 4286 1535 4363 grammaticum
1561 4291 1809 4360 possent
1833 4285 2058 4345 fallere.

828 4395 1019 4452 Fuere
1056 4397 1257 4452 autem
1294 4396 1664 4464 correcturae
1705 4393 2185 4467 Zangemeistero
2223 4393 2379 4450 teste
2416 4411 2487 4450 ex
2522 4408 2741 4465 magna
2768 4393 2950 4465 parte
