3267 5075
759 367 1290 436 QUAESTIONUM
1305 363 1887 424 ‘Luc1L1ANARUM
1921 369 2157 424 LIBER.
2303 325 2312 333 ’
2491 379 2603 438 XV

314 547 523 605 silvam
552 541 1036 603 observationum
1063 539 1141 598 ad
1169 538 1613 614 antiquissimos
1639 537 1956 613 scriptores
1975 537 2404 614 pertinentium
2430 541 2604 600 colle-

311 653 414 728 git,
466 669 608 709 sane
645 649 829 725 copiis
866 647 1093 725 paratis
1120 645 1408 707 Varronis
1435 645 1753 721 Verriique
1790 648 1854 704 et
1888 645 2141 706 aliorum
2187 665 2348 720 usus,
2392 648 2498 706 sed
2536 650 2604 706 ut

311 759 587 819 videatur
613 755 913 815 addidisse
938 731 1232 832 quaedam
1262 772 1334 812 ex
1360 753 1602 830 propria
1626 753 1897 813 lectione.
1943 754 2120 812 Plinii
2148 754 2422 830 syllogen
2448 755 2604 814 circa

310 886 360 924 a.
390 885 447 941 p.
478 862 615 922 Chr.
647 851 777 923 ‘200
805 861 869 922 C.
897 862 1132 924 Iulius
1159 861 1513 921 Romanus
1541 859 1833 932 adhibuit,
1862 878 2039 936 quem
2066 861 2265 936 ipsum
2293 861 2607 937 exscripsit

211 999 233 1016 ··
309 971 634 1031 Charisius,

488 1079 582 1136 Ex
607 1075 835 1136 Valerii
860 1074 1042 1134 Probi
1069 1075 1302 1153 Berytii
1338 1076 1441 1151 qui
1478 1077 1590 1135 sub
1627 1075 1863 1134 Nerone
1898 1075 2050 1135 vixit
2089 1075 2604 1135 observationibus

308 1185 603 1246 sermonis
632 1183 862 1259 antiqui
888 1183 1034 1259 quin
1060 1183 1318 1259 plurima
1344 1182 1736 1266 redundarint
1759 1182 1824 1239 in
1852 1182 2228 1257 sequentium
2247 1201 2393 1243 aevo
2412 1202 2608 1259 gram-

307 1294 666 1353 maticorum
693 1290 1059 1363 adversaria,
1097 1309 1218 1349 non
1242 1292 1445 1365 potest
1471 1290 1748 1349 dubitari.
1804 1267 2066 1364 vestigia
2102 1291 2306 1348 tamen
2343 1293 2505 1350 certa
2539 1291 2607 1349 li-

307 1403 557 1460 brorum
587 1399 713 1458 eius
742 1417 861 1457 non
890 1398 1143 1472 exstant.
1188 1397 1349 1455 idem
1377 1397 1534 1456 notis
1564 1396 1783 1455 additis
1812 1394 2026 1456 Lucilii
2053 1395 2238 1456 libros
2269 1399 2608 1458 emendavit

309 1507 522 1567 eodem
547 1505 723 1565 modo
751 1524 869 1581 quo
896 1503 1142 1563 Homeri
1159 1502 1564 1563 Aristarchus.
1611 1504 1779 1562 cuius
1808 1521 1985 1562 curae
2013 1491 2172 1579 quod
2200 1504 2367 1562 nulla
2394 1505 2470 1564 ad
2498 1524 2606 1564 nos

306 1616 716 1691 pervenerunt
751 1609 938 1689 signa,
987 1630 1122 1670 cum
1156 1610 1496 1686 fragmenta
1526 1613 1774 1688 'tantum
1816 1612 2021 1669 extent
2067 1613 2421 1683 saturarum,
2461 1611 2608 1686 quid

305 1719 573 1781 mirum?
2173 1771 2180 1780 .

340 1803 349 1818 Ι
489 1828 814 1887 Praeterea
840 1825 1053 1885 Probi
1088 1813 1385 1884 minoris
1420 1842 1597 1900 quem
1626 1824 1871 1884 Traiani
1896 1826 2094 1883 aetate
2121 1824 2307 1883 fuisse
2335 1822 2611 1900 probabi-

305 1938 453 1996 liter
481 1935 700 1995 statuit
725 1934 915 1992 Iulius
937 1931 1234 2007 Steupius,
1264 1933 1357 1991 vir
1383 1932 1765 2004 clarissimuS,
1794 1932 1833 1990 l.
1864 1932 1937 1989 de
1965 1930 2174 1991 Probis
2204 1932 2609 2008 grammaticis

308 2063 454 2121 pgg.
478 2045 561 2103 68
584 2062 710 2118 sqq.
740 2042 939 2099 exstat
955 2040 1355 2098 commentum
1383 2039 1446 2097 in
1462 2037 1718 2117 Vergilii
1743 2037 2011 2097 bucolica
2038 2040 2100 2097 et
2126 2039 2421 2114 georgica,
2450 2041 2608 2115 quod
2681 2024 2690 2038 “

308 2149 698 2227 quantumvis
745 2148 1137 2223 depravatum
1184 2148 1246 2203 et
1287 2147 1719 2220 interpolatum
1753 2147 1958 2204 tamen
1992 2146 2272 2221 egregiae
2308 2145 2610 2206 doctrinae

309 2258 579 2318 continet
604 2256 896 2332 hodieque
926 2253 1249 2330 specimina
1266 2252 1507 2311 minime
1536 2252 1885 2327 spernenda.
1931 2271 2070 2309 nam
2099 2254 2161 2310 et
2186 2252 2325 2311 libri
2351 2252 2611 2311 XXVIII

308 2365 396 2423 ibi
432 2364 505 2421 fit
538 2363 783 2423 mentio.
838 2380 909 2420 ex
944 2359 1212 2419 eiusdem
1247 2360 1417 2418 libris
1456 2359 1529 2434 de
1564 2359 1992 2435 inaequalitate
2017 2359 2473 2418 consuetudinis
2510 2356 2609 2434 [cf.

178 2525 185 2532 .
311 2470 518 2547 Steup.
558 2489 657 2547 pg.
694 2473 721 2528 1
735 2465 859 2544 93]
886 2467 1067 2527 etiam
1101 2466 1298 2526 multa
1332 2466 1557 2525 fluxere
1592 2467 1658 2524 in
1694 2463 1949 2524 Charisii
1984 2464 2286 2526 Diomedis
2323 2466 2608 2526 Prisciani

310 2580 664 2641 commenta.

491 2684 591 2744 Ab
608 2683 902 2743 Hadriani
927 2684 1064 2745 inde
1092 2685 1292 2743 aetate
1310 2701 1446 2742 cum
1462 2699 1673 2740 rursus
1702 2684 1863 2740 esset
1881 2681 2098 2740 coalita
2122 2681 2310 2756 ipsius
2340 2683 2608 2757 exemplo

310 2793 694 2870 imperatoris
723 2791 1080 2866 scriptorum
1106 2789 1654 2851 vetustissimorum
1678 2788 1742 2847 id
1770 2790 1864 2847 est
1888 2787 1968 2847 M.
1993 2787 2191 2847 Tullio
2219 2789 2484 2864 priorum
2510 2790 2612 2847 ad-

311 2900 570 2972 miratio,
615 2898 797 2957 etiam
833 2897 1132 2956 Lucilium
1164 2896 1388 2956 maiore
1425 2895 1622 2955 studio
1661 2895 1775 2955 coli
1810 2897 2087 2970 coeptum
2124 2895 2338 2956 docent
2371 2895 2609 2969 Fronto,

313 3007 573 3079 cemus,
603 3004 954 3081 Appuleius.
1008 3006 1073 3063 et
1097 2974 1172 3062 ᾱὸ
1200 3001 1394 3062 eonio
1423 3002 1580 3060 infra
1606 3002 1921 3063 dicendum
1948 2996 2234 3062 curatius.

498 3112 615 3183 Qui
630 3112 923 3171 Hadriani
943 3115 1211 3186 tempore
1229 3086 1499 3182 floruere,
1521 3109 1906 3168 Terentius
1937 3109 2244 3177 Scaurus
2273 3113 2337 3169 et
2357 3109 2609 3170 Velius

314 3222 464 3281 Lon
476 3239 632 3297 guS,
676 3218 896 3277 libellis
938 3216 1413 3293 orthographicis
1453 3234 1608 3291 quae
1652 3234 1724 3274 ex
1751 3216 1916 3304 ,libro
1957 3215 2043 3274 IX
2084 3216 2363 3275 adferunt
2402 3199 2625 3291 quovis*

314 3329 501 3405 digna
519 3327 730 3402 pretio,
759 3344 1120 3402 quamquam
1141 3326 1283 3383 sunt
1306 3341 1416 3382 nec
1441 3323 1634 3381 multa
1664 3325 1725 3380 et
1752 3323 1898 3382 satis
1926 3326 2221 3399 corrupta,
2252 3342 2324 3381 ex
2341 3321 2611 3383 Varrone

315 3436 485 3495 cuius
515 3434 842 3510 plurimum
867 3432 957 3490 illi
983 3430 1153 3490 libris
1182 3431 1276 3490 usi
1303 3430 1483 3490 ducta
1515 3448 1646 3489 esse
1684 3432 1948 3505 apparet.
2015 3429 2235 3489 Scauro
2264 3432 2467 3517 tamen
2494 3452 2614 3491 non

316 3543 508 3618 ipsius
544 3540 833 3599 Varronis
878 3539 1063 3598 libros
1089 3539 1207 3597 ‘sed
1253 3540 1531 3613 excerpta
1571 3537 1835 3595 adfuisse
1873 3538 2162 3597 existimo.
2194 3557 2364 3597 ·nam
2402 3540 2474 3597 id·
2499 3538 2616 3596 nisi

316 3650 406 3708 ita
434 3668 499 3707 se
527 3647 780 3706 haberet
813 3645 1176 3705 innotuisset
1201 3645 1354 3716 huic,
1392 3662 1546 3719 quae
1582 3643 1701 3702 fuit
1725 3644 2125 3704 inconstantia
2150 3644 2437 3704 Varronis
2474 3646 2537 3703 in
2565 3649 2618 3704 ei

319 3755 692 3831 diphthongo
728 3752 949 3828 plurali
987 3753 1279 3812 secundae
1307 3750 1741 3823 declinationis,
1781 3770 1901 3811 non
1942 3751 2232 3827 singulari
2264 3752 2614 3825 adhibenda,

320 3861 570 3921 eandem
599 3877 731 3918 esse
750 3858 980 3919 Lucilii.
1016 3890 1091 3902 --
1126 3858 1436 3918 fatendum
1464 3861 1668 3916 tamen
1695 3876 1803 3917 nec
1830 3859 2043 3917 horum
2065 3860 2328 3935 syllogas
2348 3859 2614 3934 integras

321 3971 381 4027 et
406 3968 618 4044 quales
648 3966 901 4027 emissae
930 3969 1072 4026 sunt
1098 3966 1176 4025 ab
1204 3965 1545 4027 auctoribus
1574 3964 1653 4022 ad
1679 3984 1786 4024 nos
1816 3964 2173 4040 pervenisse.

498 4074 685 4134 Porro
733 4093 805 4132 ex
852 4073 1057 4132 Scauri
1102 4073 1250 4132 artis
1298 4072 1723 4149 grammaticae
1767 4072 1937 4130 libris
1983 4071 2243 4147 plurima
2283 4072 2620 4147 adsumpsit

322 4181 655 4253 DiomedeS,
694 4181 989 4256 quaedam
1026 4177 1330 4239 Charisius
1375 4171 1562 4260 (apud
1596 4198 1776 4255 quem
1812 4181 2016 4237 tamen
2055 4178 2214 4254 quod
2253 4179 2478 4254 legitur
2517 4198 2617 4254 pg.

330 4290 359 4346 1
372 4290 451 4347 19
481 4286 744 4347 Scawrus
772 4288 918 4347 myro
943 4288 1071 4347 III
1092 4287 1456 4359 vectiyalium
1481 4303 1543 4345 se
1568 4288 1765 4347 minus
1791 4287 2012 4359 fructos
2039 4284 2114 4345 ad
2141 4283 2379 4343 Aemilii
2407 4283 2616 4348 Scauri

325 4393 398 4453 de
423 4394 549 4454 vita
576 4413 688 4455 sua
712 4393 899 4453 libros
928 4385 1232 4472 pertinet).
2293 4377 2298 4381 ⁸
