3267 5075
616 375 761 437 XVI
928 321 933 326 ·
1069 355 1265 432 QUAE
1272 362 1602 420 STIONUM
1638 360 2196 439 LUCILIANARUM
2230 362 2466 418 LIBER.

794 537 1097 597 Eiusdem.
1117 556 1189 596 ex
1225 534 1663 602 commentariis
1699 534 2042 595 Horatianis
2083 519 2358 595 fortasse
2381 534 2577 593 multa
2616 532 2914 609 decerpsit

615 646 965 723 Porphyrio.
1029 643 1321 702 Hadriani
1354 644 1623 718 tempore
1661 641 1844 708 etiam
1878 641 2160 701 inclaruit
2195 637 2599 702 Caesellius
2637 640 2913 699 Vindex

615 751 791 812 homo
827 751 1120 828 plurimae
1154 750 1426 814 lectionis
1464 749 1569 808 sed
1605 767 1821 826 parum
1847 749 2080 809 subacti
2105 747 2322 822 iudicii,
2361 748 2464 823 qui
2489 747 2553 806 in
2581 751 2905 810 stromateo

616 859 741 919 sive
769 858 1208 919 commentariis
1226 856 1549 932 lectionum
1575 855 1957 932 antiquarum
1982 855 2289 932 ingentem
2307 854 2671 931 farraginem
2694 855 2909 915 doctri-

612 984 727 1025 nae
754 966 1179 1043 grammaticae
1207 965 1433 1040 pariter
1461 966 1641 1038 atque
1670 964 2074 1038 exemplorum
2093 961 2308 1038 quibus
2339 981 2410 1021 ea
2435 962 2749 1022 fulciretur
2774 981 2907 1037 pro·
2973 997 3020 1030 ,0

614 1073 817 1149 posuit
856 1073 1085 1133 silvam.
1159 1090 1227 1131 eo
1270 1089 1447 1152 opere
1487 1070 1587 1130 vel
1615 1054 1924 1146 ‘excerptis
1973 1069 2099 1128 eius
2145 1068 2242 1128 usi
2287 1054 2531 1141 Gellius,
2582 1065 2903 1143 CharisiuS,

612 1165 872 1253 Nonius,
902 1178 1265 1252 PriscianuS,
1299 1175 1726 1238 Cassiodorius.

789 1285 920 1346 Iam
947 1283 1227 1344 Gellius
1257 1303 1393 1344 cum
1419 1283 1663 1344 multusv
1678 1285 1759 1344 sit
1782 1284 1847 1344 in
1872 1284 2160 1345 memoria
2175 1282 2391 1343 Lucilii
2417 1286 2545 1343 tam
2562 1258 2803 1342 hercule
2832 1302 2903 1343 ex

608 1393 799 1469 ipsius
826 1395 898 1452 ut
922 1392 1209 1453 Varronis
1248 1394 1590 1451 saturarum
1626 1391 1883 1453 lectione
1909 1410 2089 1468 quam
2119 1409 2191 1450 ex
2227 1390 2536 1469 doctorum
2563 1391 2903 1466 aequalium

609 1500 727 1577 ipsi
780 1519 887 1560 seu
940 1500 1206 1575 priorum
1249 1501 1518 1575 tempore
1562 1498 1910 1560 commentis
1965 1499 2155 1575 petita
2206 1485 2381 1578 (nam
2432 1501 2494 1588 et
2544 1498 2902 1574 interpretes

492 1605 499 1610 ’
611 1605 828 1680 Lucilii
854 1598 1198 1686 memorat),
1236 1609 1441 1665 tamen
1475 1606 1632 1665 sicut
1666 1606 1944 1681 aequales
1972 1605 2112 1681 ipsi,
2147 1599 2401 1681 quorum
2439 1604 2689 1663 subinde
2716 1604 2904 1663 refert

611 1713 829 1773 iudicia
855 1713 929 1771 de
956 1711 1211 1788 Luci1i0,
1250 1713 1565 1773 afferendis
1601 1712 1773 1802 libris
1809 1711 2035 1772 satirici
2069 1711 2232 1771 intra
2258 1712 2602 1772 vicesimum
2632 1710 2905 1772 substitit

610 1810 914 1897 volumen3
964 1839 1105 1879 nam
1145 1839 1399 1897 quorum
1437 1819 1596 1893 XVI,
1645 1821 1700 1894 5,
1748 1820 1814 1897 73
1856 1807 1958 1893 VI,
2006 1821 2061 1893 3,
2109 1820 2190 1878 28
2234 1819 2384 1878 citra
2423 1817 2657 1876 numeri
2696 1820 2903 1877 notam
3024 1897 3031 1907 ·

610 1926 848 2003 oblique
887 1927 1056 1987 inicit
1094 1927 1442 1988 memoriam
1480 1927 1681 1986 XXVI
1721 1930 1783 1987 et
1821 1925 2138 1999 XXVIIII,
2187 1925 2466 2001 peritiam
2506 1944 2726 1984 rerum·
2753 1943 2902 2001 quas

609 2036 905 2094 memorat
936 2034 1041 2093 ille
1077 2054 1150 2094 ex
1177 2034 1360 2093 Tullii
1388 2034 1622 2096 Tironis
1659 2025 1828 2094 libris
1866 2036 1927 2093 et
1963 2031 2209 2110 Sulpicii
2234 2031 2602 2112 Apollinaris
2640 2032 2903 2108 disputa-

609 2139 872 2200 tionibus
900 2141 1153 2217 petitam
1181 2160 1312 2201 esse
1339 2143 1605 2217 apparet.

786 2246 1112 2308 Flavium
1139 2245 1461 2324 Caprum
1500 2247 1604 2324 qui
1645 2247 1911 2324 aequalis
1952 2247 2141 2307 ferme
2181 2247 2301 2308 fuit
2335 2245 2528 2307 Gellio
2565 2245 2681 2306 etsi
2715 2246 2779 2306 in
2807 2265 2902 2305 ex-

610 2353 828 2430 cerptis
858 2372 1009 2430 quae
1040 2354 1152 2414 sub
1179 2355 1415 2414 nomine
1453 2354 1580 2414 eius
1607 2354 1887 2414 feruntur
1913 2353 2100 2414 semel
2135 2354 2392 2414 occurrit
2416 2353 2633 2430 Lucilii
2658 2354 2900 2427 mentio,
2986 2381 2997 2396 ·

608 2460 672 2519 in
697 2460 867 2520 libris
904 2461 978 2519 de
1016 2460 1211 2526 dubiis
1249 2461 1568 2539 generibus
1605 2463 1669 2521 et
1704 2461 1998 2522 enucleati
2024 2461 2313 2522 sermonis
2353 2479 2530 2538 saepe
2557 2460 2902 2521 adhibuisse

609 2567 905 2627 LuciJium
943 2587 1014 2627 ex
1043 2565 1297 2629 Charisii
1336 2572 1401 2629 et
1434 2569 1723 2629 Prisciani
1753 2565 1851 2645 [of.
1882 2568 2056 2629 Char.
2090 2571 2244 2646 1183
2272 2569 2454 2630 Prisc.
2488 2566 2641 2654 992]
2671 2569 2902 2629 intelle-

609 2674 774 2751 gitur
810 2675 1184 2736 testimoniis.
1239 2695 1347 2736 nec
1384 2677 1667 2737 abhorret
1694 2696 1732 2736 a
1757 2677 2179 2754 probabilitate
2196 2675 2467 2750 ,Nonium
2504 2676 2567 2735 in
2602 2676 2781 2736 tertio
2810 2695 2902 2736 ca-

609 2782 733 2858 pite
769 2801 946 2842 usum
983 2801 1052 2842 eo
1090 2783 1245 2843 sicut
1282 2787 1344 2843 et
1378 2786 1684 2844 auctorem
1702 2784 1910 2843 libelli
1937 2784 2011 2843 de
2039 2783 2234 2843 dubiis
2262 2784 2619 2857 nominibus,
2655 2782 2759 2859 qui
2784 2782 2903 2843 fuit

610 2892 749 2965 post
773 2889 1070 2950 Isidorum
1102 2885 1201 2965 [cf.
1230 2890 1460 2950 Keilius
1488 2910 1577 2967 gr.
1605 2891 1713 2950 lat.
1739 2890 1811 2965 V,
1845 2891 1973 2950 570
1999 2908 2153 2966 quae
2178 2887 2457 2965 monuit].

785 2996 1059 3057 Proxime
1095 2997 1490 3057 nominandus
1527 3001 1622 3061 est
1647 2997 1886 3059 Horatii
1914 2997 2236 3058 scholiasta
2262 2997 2685 3074 Porphyrio,
2721 3016 2901 3075 quem
2983 2988 2990 2995 ’

607 3104 806 3180 priore
842 3122 992 3163 saec.
1030 3125 1087 3181 p.
1126 3103 1262 3164 Chr.
1299 3104 1465 3164 tertii
1491 3107 1665 3181 parte
1701 3104 1920 3163 vixisse
1947 3107 2086 3180 apte
2124 3104 2339 3164 statuit
2363 3103 2640 3164 Kellerus
2681 3100 2901 3181 [symb.

606 3210 812 3287 philol.
839 3209 1028 3272 Bonn.
1056 3212 1198 3288 pg'g.
1227 3213 1353 3271 491
1387 3208 1543 3288 sqq].
1604 3229 1783 3288 quem
1810 3211 1925 3271 etsi
1951 3211 2149 3288 ipsum
2175 3230 2296 3270 non
2321 3211 2541 3287 legisse
2568 3212 2756 3272 libros
2783 3210 2903 3270 Lu-

608 3318 729 3377 cilii
763 3318 1072 3393 probabile
1110 3322 1203 3378 est
1246 3338 1382 3377 cum
1419 3319 1553 3378 aliis
1590 3318 1786 3377 causis
1827 3321 1972 3377 tum·
1995 3320 2242 3394 propter
2262 3336 2349 3377 ea
2383 3336 2537 3397 quae
2574 3318 2648 3377 de
2683 3319 2722 3378 l.
2760 3317 2904 3377 XVI

608 3424 919 3484 adnotavit
953 3426 1028 3484 ad
1066 3444 1113 3483 c.
1150 3424 1199 3500 I,
1239 3427 1339 3499 22,
1384 3427 1482 3499 10,
1518 3428 1724 3484 tamen
1759 3424 2026 3500 pretiosa
2058 3425 2220 3483 haud
2256 3443 2446 3502 pauca
2481 3425 2717 3484 adferre
2743 3425 2904 3502 frag-

607 3533 814 3589 menta
847 3549 983 3590 cum
1018 3532 1197 3591 laude
1222 3532 1690 3592 memorandum.
1746 3532 1932 3591 semel
1940 3532 2151 3613 ‚etiam
2183 3533 2260 3592 ad
2286 3532 2510 3591 librum
2536 3531 2905 3593 tricesimum

610 3637 716 3697 sed
742 3637 870 3696 sine
896 3640 1041 3697 nota
1067 3637 1195 3698 eius
1223 3638 1483 3715 respicit.

787 3742 950 3804 Saec.
979 3764 1034 3820 p.
1065 3742 1202 3806 Chr.
1229 3745 1323 3805 ΠΙ
1358 3763 1494 3806 cum
1529 3745 1725 3823 magis
1743 3746 2063 3824 magisque
2091 3748 2476 3808 evanesceret
2508 3746 2772 3827 ingenua
2796 3748 2906 3810 illa

608 3850 881 3925 eruditio,
919 3869 1072 3927 quae
1107 3852 1393 3913 floruerat
1425 3871 1534 3930 per
1569 3870 1784 3914 aevum
1815 3851 2271 3927 Antoninorum,
2303 3854 2484 3914 etiam
2512 3854 2730 3915 Lucilii
2762 3855 2905 3915 libri

606 3961 671 4018 in
706 3957 1064 4020 oblivionem
1104 3959 1309 4019 venire
1346 3962 1686 4035 coeperunt.
1760 3978 1829 4020 ac
1863 3963 2068 4020 tamen
2103 3980 2224 4021 non
2259 3980 2504 4037 prorsus
2541 3961 2904 4022 abolitorum

607 4065 867 4143 vestigia
900 4083 1090 4141 usque
1125 4065 1203 4126 ad
1228 4064 1409 4124 finem
1435 4066 1561 4125 fere
1586 4066 1824 4142 imperii
1859 4067 2239 4127 occidentalis
2268 4069 2338 4126 ut
2363 4067 2596 4128 minuta
2626 4068 2714 4127 ita
2742 4072 2907 4128 certa

607 4191 928 4250 agnoscere
964 4172 1110 4230 mihi
1145 4171 1369 4232 videor.
1432 4186 1553 4232 non
1592 4172 1681 4232 ita
1719 4174 1924 4251 magni
1964 4173 2116 4234 facio
2153 4173 2562 4235 testimonium
2601 4173 2903 4249 Sidonii,

606 4278 862 4341 hominis
901 4278 1155 4351 leviculi,
1199 4278 1302 4355 qui
1340 4278 1405 4337 in
1446 4279 1705 4338 carmine
1744 4299 1900 4342 nono
1942 4302 1998 4343 v.
2036 4282 2163 4341 266
2200 4281 2359 4340 inter
2395 4280 2544 4341 alios
2583 4281 2903 4357 scriptores

576 4378 780 4458 Tnotos
802 4389 864 4454 et
880 4367 1085 4456 obvios
1106 4385 1289 4453 etiam
1307 4384 1604 4451 Lucilium
1622 4390 1941 4452 memorat:
1970 4406 2110 4448 nam
2138 4386 2336 4469 potuit
2362 4379 2493 4452 fieri
2521 4390 2593 4447 ut
2616 4388 2905 4451 iactantia
