3267 5075
1175 398 1272 460 EX
1310 402 1544 460 LIBRIS
1581 404 1944 460 IncEaTIs.
2575 398 2701 467 145

1352 567 1558 633 LXIV
1606 569 1747 649 [39]

589 708 869 771 nequam
915 688 1234 768 aurumst‚
1283 685 1454 748 auris
1501 685 1671 769 quod
1717 685 1781 748 vi
1827 683 2183 747 vementius
2229 686 2429 769 angit.

1367 816 1541 882 LXV
1590 818 1730 897 [89]

588 933 816 997 Festus
869 935 1025 998 173:
1090 941 1245 996 ‘non
1302 933 1600 996 omnibus
1648 933 1921 995 dormio'
1987 933 2398 1015 proverbium
2454 932 2702 996 videtur

394 1053 634 1114 natum
680 1073 720 1113 a
766 1048 948 1132 Cipio
991 1049 1308 1133 quodam,
1373 1049 1483 1131 qui
1544 1046 1997 1131 Pararenchon
2061 1045 2697 1132 (pararhenchon

393 1161 573 1250 cod.)
622 1163 829 1227 dictus
875 1166 997 1247 est,
1056 1163 1225 1247 quod
1274 1164 1605 1227 simularet
1650 1162 2100 1246 dormientem,
2148 1185 2274 1246 quo
2321 1163 2697 1245 impunitius

391 1301 568 1343 uxor
615 1280 751 1342 eius
797 1279 1255 1342 moechareturss
1350 1279 1485 1341 eius
1532 1279 1827 1341 meminit
1872 1276 2172 1341 Lucilius.

1349 1409 1557 1475 LXVI
1604 1411 1743 1491 [40]

400 1528 539 1592 100
585 1527 752 1591 sicut
795 1526 1150 1590 mechanici
1197 1549 1340 1590 cum
1390 1527 1520 1590 alto
1568 1526 1842 1589 exiluere
1888 1528 2171 1607 petauro.

1340 1657 1580 1723 LXVII
1628 1659 1768 1738 [41]

585 1779 659 1838 ut
703 1776 985 1858 petimen
1032 1797 1192 1838 naso
1240 1778 1352 1838 aut
1395 1774 1650 1837 lumbos
1697 1771 2029 1837 cervicibu'
2075 1777 2322 1858 tangat.

1322 1904 1594 1970 LXVIII
1644 1906 1783 1986 [90]

582 2083 620 2091 -
649 2071 994 2091 „„„„„„
1044 2023 1263 2106 agipes
1310 2024 1384 2084 ut
1427 2042 1650 2084 vocem
1697 2021 1948 2084 mittere
1995 2021 2220 2104 coepit.

1349 2152 1556 2217 LXIX
1602 2153 1743 2233 [75]

476 2317 508 2353 ·.
584 2292 702 2352 pro
750 2270 983 2333 obtuso
1031 2292 1138 2332 ore
1184 2271 1362 2353 pugil
1408 2268 1798 2332 Piscinensis
1844 2289 2016 2330 reses
2064 2321 2104 2330 -
2129 2312 2166 2330 c
2274 2283 2278 2287 ·

1348 2400 1522 2465 LXX
1571 2401 1757 2481 [175]

575 2516 747 2608 'suda
791 2567 1488 2586 υυυυυυυυυυυυ
1535 2516 1872 2581 remillum.

395 2789 464 2835 ut
500 2785 717 2833 Ennius
754 2809 820 2819 —
855 2781 1271 2836 et,Lucilius.
1418 2781 1596 2831 LXIV
1654 2782 1850 2834 Festus
1894 2785 1991 2833 165
2028 2799 2303 2848 nequam
2340 2803 2386 2835 e.
2423 2802 2472 2850 q.
2511 2803 2552 2837 s.
2592 2786 2695 2836 hoc

396 2868 568 2903 versu
603 2851 831 2901 Lucili
876 2848 1175 2913 significari
1218 2852 1298 2899 ait
1334 2849 1555 2901 Sinnius
1592 2849 1786 2915 Capito
1830 2866 2062 2916 nequam
2107 2867 2227 2902 esse
2283 2868 2498 2918 aurum,
2553 2854 2696 2919 quod

397 2921 555 2971 auris
591 2919 775 2969 laedat
813 2914 943 2983 [vel]
982 2919 1217 2982 pondere
1253 2919 1523 2968 inaurium
1559 2934 1679 2969 cum
1714 2919 2032 2969 mollissima
2066 2935 2194 2984 pars
2231 2922 2379 2971 auris
2416 2921 2692 2985 inciditur,

397 2988 489 3039 vel
528 3004 596 3037 ex
632 3002 769 3037 auro
805 2985 1045 3049 intellegi
1081 2986 1386 3049 pecuniam,
1424 2986 1580 3036 cuius
1617 2992 1860 3051 respectu
1897 2993 1954 3037 et
1990 2988 2157 3038 nimia
2194 2987 2491 3053 cupiditate
2527 2990 2694 3039 homi-

397 3071 498 3106 nes
537 3055 604 3104 ad
643 3054 970 3120 peccandum
1003 3053 1210 3104 adduci.
1261 3082 1318 3089 -
1366 3054 1492 3103 hinc
1537 3069 1754 3104 versum
1796 3054 1998 3104 Lucilii
2043 3071 2164 3106 cum
2209 3056 2486 3107 simillima
2530 3057 2697 3107 inter-

397 3122 709 3189 pretatione
764 3122 963 3172 omissa
1014 3126 1195 3171 tamen
1231 3120 1408 3171 Sinnii
1442 3122 1699 3171 memoria
1751 3123 1908 3171 affert
1951 3123 2156 3174 Paulus
2195 3125 2309 3175 164.
2515 3125 2694 3175 LXVI

397 3191 605 3242 Festus
639 3192 741 3241 206
796 3190 1209 3254 petauristas
1245 3189 1548 3239 Lucilius
1592 3205 1625 3238 a
1661 3195 1889 3254 petauro
1927 3190 2232 3255 appellatos
2268 3191 2580 3241 existimare
2615 3193 2693 3240 vi—

399 3258 578 3320 detur,
616 3273 781 3321 quom
814 3258 910 3307 ait.
1055 3256 1263 3306 LXVII
1319 3257 1515 3307 Festus
1550 3259 1651 3307 209
1696 3258 2012 3322 petimina
2046 3258 2104 3307 in
2140 3258 2380 3309 humeris
2417 3258 2517 3320 (ita
2553 3260 2690 3309 Pau—

399 3326 508 3389 lus,
545 3326 611 3375 in
647 3324 750 3375 his
797 3324 876 3374 cd.
916 3321 1085 3388 Festi)
1139 3325 1497 3374 iumentorum
1542 3324 1724 3375 ulcera
1768 3329 1822 3374 et
1866 3325 2029 3388 vulgo
2075 3325 2365 3390 appellant
2404 3330 2457 3373 et
2494 3328 2691 3375 Luci-

400 3394 539 3444 lius
569 3392 821 3442 meminit
851 3407 1018 3456 quom
1041 3397 1133 3440 ait.
1238 3391 1475 3443 LXVIII
1532 3392 1727 3443 Festus
1754 3395 1853 3443 210
1887 3393 2163 3457 pedarium
2198 3398 2500 3442 senatorem
2524 3394 2693 3457 signi·

399 3460 533 3511 ficat
569 3459 885 3511 Lucilius
922 3475 1081 3524 quom
1125 3461 1205 3510 ait
1241 3487 1304 3494 —
1343 3461 1435 3525 qui
1470 3461 1549 3510 ita
1583 3460 1916 3525 appellatur,
1958 3462 2085 3525 quia
2124 3461 2693 3520 tacitustranseundo

402 3529 476 3579 ad
511 3544 633 3578 eum
668 3528 825 3577 cuius
862 3528 1185 3577 sententiam
1209 3528 1403 3591 probat
1427 3526 1554 3592 quid
1575 3529 1781 3578 'sentiat
1815 3527 2038 3578 indicat.
2141 3527 2320 3577 LXIX
2363 3527 2562 3579 Festus
2593 3532 2694 3580 213

401 3597 715 3661 piscinae
751 3594 996 3660 publicae
1031 3594 1295 3660 hodieque
1331 3611 1522 3644 nomen
1557 3603 1762 3659 manet,
1802 3597 1926 3660 ipsa
1962 3611 2069 3645 non
2106 3600 2275 3644 extat.
2338 3595 2406 3645 ad
2440 3612 2600 3661 quam
2638 3602 2694 3647 et

401 3669 652 3714 natatum
696 3667 753 3712 et
795 3663 1201 3713 exercitationis
1243 3663 1451 3728 alioqui
1487 3678 1677 3714 causa·
1702 3664 1954 3714 veniebat
1997 3662 2249 3728 populus.
2321 3662 2460 3714 unde
2496 3666 2694 3714 Luci-

401 3731 539 3781 lius
574 3733 669 3781 ait.
774 3729 927 3779 LXX
985 3730 1182 3781 Festus
1216 3732 1315 3781 277
1351 3726 1717 3797 re[millum
1754 3732 1955 3781 dicitur
1992 3731 2147 3795 quasi
2181 3730 2522 3797 repandum}
2577 3736 2693 3783 Lu-

400 3798 635 3850 cilius:
674 3798 841 3850 suda
879 3833 1313 3852 .............
1351 3798 1696 3849 remilium.
1764 3798 1968 3849 Paulus
2005 3801 2106 3850 276
2144 3798 2463 3849 remilium
2498 3800 2693 3851 dicitur

575 4067 654 4124 99
712 4068 764 4121 vi
819 4066 903 4135 D,
960 4066 1040 4120 vis
1094 4068 1221 4123 cdd.
1274 4066 1452 4123 Pauli
1503 4074 1557 4123 et
1611 4067 1788 4124 Festi.
1847 4055 1929 4106 -'—
1988 4068 2139 4142 angit
2193 4067 2286 4141 M,
2354 4066 2548 4125 ambiat
2603 4070 2690 4125 cd.

397 4152 567 4208 Festi
579 4176 597 4216 ‚·
653 4150 826 4207 ambit-
872 4151 1007 4207 libri
1056 4151 1249 4207 Pauli.
1466 4151 1588 4207 100
1631 4153 1772 4208 sicut
1827 4153 2021 4209 Lehm.
2069 4170 2266 4209 comm.
2323 4154 2496 4209 Lacr.
2549 4154 2691 4226 106,

398 4237 563 4292 sicuti
608 4238 698 4292 cd.
910 4234 1028 4292 102
1075 4238 1252 4309 apres
1297 4239 1414 4293 sive
1458 4252 1657 4310 acupes
1703 4240 1791 4293 vel
1834 4240 2058 4311 aquipes
2102 4238 2435 4293 Muellerus.
2497 4268 2572 4277 —-
2630 4248 2691 4293 ut

399 4322 539 4378 add.
583 4320 665 4376 M.
845 4319 970 4376 103*
1009 4319 1331 4376 Piscinensis
1371 4340 1438 4392 v.,
1484 4322 1824 4395 pisciniensis
1871 4324 1959 4378 cd.
2140 4318 2257 4376 104
2301 4320 2567 4377 remilium
2615 4341 2688 4396 a,

390 4405 546 4462 emili
564 4421 654 4461 um
699 4407 788 4461 cd.
1317 4419 1328 4432 ·

513 4501 561 4543 Ο.
589 4502 740 4543 Lucili
767 4505 905 4543 satur.
934 4503 1015 4544 rel.
2200 4507 2266 4556 10
