3267 5075
1301 322 1518 375 LIBER
1555 324 1752 377 XXVI.
2590 325 2672 387 87

1377 484 1491 548 LX
1572 487 1648 549 11

423 599 512 662 75
561 603 743 661 curet
789 603 1139 683 aegrotum,
1181 599 1470 664 'sumtum
1516 488 1763 664 lionijini
1811 603 2132 686 praebeat,
2179 604 2441 686 genium
2488 627 2674 668 suum

560 714 881 798 defrudet,
926 716 973 778 li
1017 719 1241 798 pareat
1290 764 1823 786 ---------

1197 846 1344 911 LXI
1394 844 1683 934 [XXVII7
1730 850 1842 929 22]

556 963 880 1028 mordicus
908 966 1122 1046 petere
1153 986 1377 1026 aurum
1417 985 1485 1027 ec
1515 964 1781 1027 flamma
1804 964 2112 1048 expediat,
2150 987 2183 1028 e
2213 988 2410 1030 caeno
2439 967 2669 1031 cibum.

1338 1105 1517 1169 LXII
1566 1103 1703 1191 [18]

559 1221 824 1284 rediisse
872 1245 945 1285 ac
992 1222 1329 1304 repedasse
1374 1225 1447 1284 ut
1491 1221 1767 1285 Romam
1815 1223 1981 1286 bitat
2026 1224 2505 1307 gladiatoribus

1319 1354 1531 1418 LXIII
1580 1356 1718 1435 [35]

555 1492 692 1534 non
738 1470 971 1534 idcirco
1021 1471 1344 1534 extollitur
1389 1494 1506 1536 nec
1553 1472 1758 1535 veitae
1806 1471 2115 1555 vegrandi
2162 1471 2365 1535 datur.

570 1680 576 1685 .
1326 1603 1533 1668 LXIV
1583 1601 1718 1690 [41]

415 1723 506 1785 80
555 1742 925 1803 paucorum,
972 1722 1162 1803 atque
1208 1721 1331 1784 hoc
1375 1723 1567 1803 pacto
1608 1721 1662 1783 si
1699 1720 1791 1783 nil
1831 1723 2051 1803 gustat
2087 1720 2254 1783 inter
2290 1720 2664 1783 nundinum.

1361 1835 1536 1916 LXV
1587 1849 1676 1937 [9]

555 1989 745 2053 agere
790 1968 859 2030 in
903 1967 1198 2031 iaciundo
1248 1969 1482 2052 siqueis
1529 1968 1732 2030 vineis
1767 1969 1938 2031 actis
1988 1971 2202 2051 opust,

552 2085 833 2168 primum
861 2083 926 2146 id
956 2083 1129 2146 dant‘
1141 2059 1417 2167 operam,
1446 2086 1519 2146 ui:
1547 2105 1738 2167 quam
1767 2084 2046 2166 primum
2077 2084 2402 2167 appellant
2430 2128 2666 2152 -----
2689 2159 2698 2164 ,

366 2283 513 2329 mine
551 2278 775 2328 afflavit.
847 2279 1084 2327 Naevius
1120 2305 1185 2312 —
1222 2277 1528 2328 Lucilius
1573 2277 1666 2327 lib.
1704 2277 1919 2328 XXVL‘
2107 2278 2203 2325 LX
2264 2279 2404 2327 Non.
2447 2281 2559 2339 117,
2598 2282 2664 2329 29

368 2349 639 2412 genium
680 2347 1082 2410 parsimoniam.
1151 2346 1445 2395 Terentius
1480 2373 1547 2379 —
1584 2346 1894 2395 Lucilius
1930 2345 2022 2394 lib.
2060 2345 2257 2395 XXVI.
2363 2346 2489 2394 LXI
2524 2346 2662 2396 Non.

372 2418 488 2477 138,
526 2419 588 2463 21
628 2413 960 2463 mordicus
996 2413 1086 2463 lib.
1127 2414 1306 2471 XXVI
1355 2414 1456 2475 (ita
1494 2412 1556 2473 G,
1595 2414 1640 2461 L
1682 2416 1725 2475 1,
1762 2414 1807 2461 L
1844 2417 1901 2474 2,
1938 2412 2146 2475 Bamb.,
2192 2413 2305 2462 edd.
2342 2421 2470 2463 ante
2507 2416 2662 2464 Basi-

364 2485 600 2533 liensem
638 2482 918 2543 XXVII)
955 2480 1285 2531 Lucilius.
1426 2481 1581 2529 LXII
1617 2482 1757 2530 Non.
1802 2483 1921 2544 165,
1962 2484 2025 2531 13
2071 2481 2398 2546 repedare.
2469 2483 2663 2531 Luci-

367 2553 507 2602 lius
545 2551 638 2600 lib.
679 2550 874 2599 XXVI.
1048 2550 1233 2598 LXIII
1291 2550 1429 2599 Non.
1472 2552 1585 2611 183,
1622 2553 1689 2599 30
1740 2550 2075 2614 vegrande
2121 2550 2280 2599 valde
2318 2551 2523 2613 grande
2558 2550 2662 2615 (ita

366 2620 433 2680 G,
472 2621 517 2668 L
560 2626 614 2679 13
677 2618 992 2680 vegrandi
1039 2617 1237 2666 valde
1283 2617 1524 2680 grandi
1572 2632 1678 2680 mg.
1719 2619 1806 2680 G).
1876 2616 2184 2667 Lucilius
2228 2617 2318 2672 lib,
2359 2618 2555 2668 XXVI.
2593 2618 2662 2654 4

366 2688 505 2737 idem
564 2689 692 2748 297,
740 2689 804 2735 30
858 2685 1117 2734 ecferre
1175 2685 1334 2733 edere
1374 2685 1688 2748 provehere.
1773 2685 2044 2748 Vergilius
2093 2712 2152 2719 —
2202 2685 2516 2735 Lucilius
2570 2687 2659 2735 lib.

364 2755 570 2804 XXVI.
711 2753 889 2802 LXIV
947 2753 1085 2803 Non.
1129 2755 1244 2813 214,
1281 2755 1350 2801 24·
1383 2753 1719 2801 nundinae
1745 2785 1809 2793 --
1835 2751 2140 2806 masculini,
2211 2753 2524 2802 Lucilius
2568 2753 2659 2802 lib.

361 2823 569 2872 XXVI.
730 2819 878 2870 LXV
934 2820 1072 2869 Non.
1109 2822 1224 2880 238,
1261 2822 1325 2869 23
1362 2819 1714 2884 appellere
1752 2820 2143 2884 (appellare
2181 2820 2331 2885 libri)
2370 2828 2454 2871 est
2490 2821 2659 2885 adpli-

361 2905 513 2940 care.
604 2889 861 2938 Afranius
904 2914 967 2923 --
1014 2888 1324 2937 Lucilius
1362 2887 1450 2940 lib.
1490 2888 1669 2937 XXVI
1706 2887 1847 2945 (lib.
1887 2888 2095 2936 XXVI
2143 2904 2243 2936 om.
2284 2889 2364 2950 A).
2412 2915 2475 2924 -—-
2522 2888 2662 2938 idem

362 2963 486 3020 243,
525 2962 592 3007 29
639 2962 859 3006 actum
903 2956 1189 3005 admotum.
1270 2955 1541 3018 Vergilius
1588 2988 1653 2995 —
1701 2956 2013 3005 Lucilius
2061 2957 2140 3019 (in
2177 2957 2222 3004 L
2267 2959 2284 3004 1
2337 2956 2453 3005 add.
2503 2974 2569 3007 m.
2607 2955 2659 3020 2)

360 3027 462 3076 lib.
514 3025 704 3074 XXVI
748 3038 946 3086 agere
992 3051 1058 3057 —-·
1104 3028 1322 3087 opust.
1361 3052 1427 3059 —-
1463 3023 1604 3072 idem
1652 3025 1770 3086 327,
1808 3025 1874 3071 24
1921 3019 2086 3073 iacit
2123 3023 2272 3073 facit.
2346 3024 2661 3074 Lucilius

546 3221 624 3277 75
671 3237 787 3291 egr.
818 3222 864 3274 L
899 3221 952 3273 1.
1001 3251 1081 3258 —
1127 3227 1363 3274 sumtum
1392 3220 1543 3275 libri.
1677 3219 1752 3274 76
1802 3220 1836 3273 li
1870 3218 1948 3287 M,
1993 3219 2060 3274 ali
2095 3239 2143 3275 v.
2264 3219 2341 3274 77
2388 3236 2448 3273 ec
2493 3220 2575 3289 M,
2606 3227 2661 3274 et

362 3310 497 3364 cdd.
549 3337 631 3345 —-
679 3323 708 3359 e
740 3322 873 3359 ceno
906 3303 1082 3358 cibum
1116 3305 1180 3374 G·,
1213 3304 1259 3358 L
1294 3305 1357 3371 13
1406 3303 1733 3358 ccceuobum
1769 3305 1992 3372 Bamb.,
2038 3299 2364 3376 eccenobuni
2411 3304 2457 3358 L
2487 3304 2542 3357 2.

365 3393 451 3448 78
494 3389 721 3446 rediiSse
754 3390 820 3443 M
846 3388 991 3458 440,
1023 3388 1228 3443 redisse
1260 3390 1386 3443 cdd.
1432 3418 1513 3426 —-
1552 3388 1831 3462 -I‘epidasse
1858 3406 1928 3442 m.
1966 3384 2078 3443 I'L
2112 3389 2165 3442 1.
2206 3417 2290 3426 —-
2334 3388 2551 3442 Romam
2587 3407 2659 3457 v.,

362 3478 536 3531 Roma
582 3477 628 3531 L
678 3476 735 3545 1,
784 3475 851 3529 G:
895 3504 975 3513 —-
1019 3473 1154 3528 hitat
1201 3473 1376 3542 Scal„
1426 3474 1560 3527 vilet
1605 3475 1733 3529 cdd.
1910 3472 1985 3527 79
2035 3473 2265 3526 hiccirco
2314 3473 2368 3526 B
2401 3472 2541 3527 297.
2576 3503 2660 3512 —--

365 3560 655 3616 extollitur
701 3578 803 3616 om.
853 3576 951 3612 nec
996 3559 1121 3613 cdd.
1170 3557 1311 3613 297.
1358 3589 1440 3597 —-
1486 3558 1655 3612 veitae
1704 3558 1783 3627 M,
1841 3558 1979 3610 vilae
2021 3557 2157 3611 libri
2203 3556 2342 3625 183,
2394 3556 2514 3612 297
2557 3573 2661 3633 Φνεα

368 3647 468 3701 lite
514 3646 582 3714 G,
616 3646 690 3715 B,
724 3646 768 3698 L
803 3644 857 3698 1.
907 3675 988 3681 ——
1034 3642 1311 3715 velgrandi
1362 3645 1423 3697 G.
1470 3644 1541 3697 ib.
1674 3643 1756 3697 80
1801 3658 2115 3714 paucorum,
2164 3658 2195 3695 o
2229 3657 2306 3697 ex
2337 3659 2364 3695 a
2392 3642 2558 3713 facto
2592 3642 2655 3697 G.

368 3762 455 3770 ——
512 3729 640 3784 nihil
699 3731 825 3783 cdd.
886 3758 967 3766 —-
1021 3728 1165 3781 inter
1223 3727 1517 3781 nundinum
1582 3729 1795 3795 Tarm,
1850 3725 2236 3781 internundino
2293 3729 2446 3782 libri.
2502 3715 2507 3721 ’

370 3815 449 3870 81
476 3831 698 3887 agere,
744 3817 823 3868 ila
872 3813 1126 3867 omnibus
1168 3814 1312 3867 locis
1353 3814 1502 3866 mari.
1550 3843 1631 3850 ω-
1679 3810 1926 3885 iaciundo
1976 3812 2021 3865 G
2067 3811 2221 3881 238,
2267 3813 2371 3866 rel.
2417 3811 2658 3866 iaciendo

370 3898 617 3970 (iacendo
650 3899 696 3953 L
731 3899 786 3966 1,
822 3898 957 3952 Gen.
993 3894 1157 3968 243).
1207 3927 1287 3935 -—-
1333 3897 1535 3968 siqueis
1567 3895 1651 3967 M,
1685 3895 1806 3950 238
1839 3894 2031 3967 siquod
2066 3904 2149 3950 est
2183 3897 2236 3950 in
2267 3897 2336 3966 Α,
2370 3915 2437 3950 m.
2473 3896 2508 3950 2
2542 3897 2588 3950 L
2623 3897 2653 3949 1

371 3984 468 4054 (m.
500 3984 530 4036 1
566 3983 724 4055 siquo
757 3998 805 4036 e.
832 3981 912 4051 i.),
947 3981 991 4035 G
1023 3983 1127 4035 sed
1153 3983 1340 4036 deleta
1374 3980 1438 4049 εἰς
1473 3980 1593 4035 243
1628 3983 1755 4036 cdd.
1786 3981 2067 4052 siquostu3
2103 3980 2222 4035 327
2256 3980 2468 4053 siquost
2494 3981 2657 4050 Gen.,

375 4069 462 4129 B,·
506 4070 587 4122 ila
635 4073 687 4121 et
731 4067 777 4121 L
812 4067 842 4120 1
877 4085 947 4120 m.
986 4066 1042 4136 1,
1087 4067 1160 4121 id.
1198 4066 1232 4120 2
1281 4066 1438 4138 siquo
1473 4073 1584 4133 θεὶς
1632 4067 1788 4137 siquo
1821 4072 1903 4120 est
1938 4066 2001 4119 G.
2047 4095 2126 4105 —-
2172 4066 2306 4120 vinis
2350 4067 2485 4120 libri
2514 4063 2654 4124 243.

374 4183 457 4190 —-
506 4160 696 4223 opust3
740 4155 820 4206 ita
856 4152 990 4206 Gen.
1024 4154 1082 4206 in
1127 4169 1330 4223 mar-9„
1380 4167 1487 4205 nec
1532 4168 1646 4205 non
1678 4169 1748 4205 m.
1784 4150 1814 4203 1
1851 4152 1896 4204 L
1931 4151 1961 4204 1
1998 4150 2142 4219 327,
2190 4152 2287 4206 ubi
2327 4152 2401 4204 id.
2436 4150 2471 4203 2
2520 4166 2658 4222 opus

374 4243 494 4302 θεὶς
551 4237 678 4290 ibid.
728 4237 805 4306 G,
847 4237 992 4291 Gen.
1039 4255 1107 4290 m.
1162 4236 1191 4289 1
1243 4253 1380 4308 opus
1427 4244 1531 4305 cst,
1579 4235 1632 4288 B
1679 4253 1848 4308 opus;
1908 4244 2071 4307 opost
2127 4237 2251 4291 cdd.
2300 4233 2454 4303 2433
2514 4236 2657 4292 idem

378 4319 504 4377 238
552 4337 698 4394 opuS.
1026 4332 1036 4351 ¹
