3267 5075
919 410 923 415 .
1007 370 1480 428 TESTIMONIA·
1497 370 1593 427 DE
1632 372 1939 430 LUCILIO.
2236 337 2243 345 ’
2485 376 2615 439 291

327 539 456 593 mihi
501 554 610 593 non
657 537 1139 595 videturdubium.
1188 570 1271 580 ——
1317 539 1593 595 latendum
1627 549 1801 596 tamen
1847 538 2079 597 intanta
2108 541 2456 615 reliquiarum
2488 560 2619 617 pan-

324 625 486 678 citate
540 625 852 679 memoriam
905 623 1050 679 illius
1105 625 1331 698 reperiri
1389 623 1608 680 nullam.
1704 625 1806 684 sed
1862 633 2046 699 aperte
2111 633 2324 701 spectat
2376 626 2442 682 ad
2500 645 2618 684 eam

326 706 559 762 alterum
617 709 986 782 pragmatieon
1042 710 1186 765 Accii
1213 748 1219 760 .
1244 708 1625 783 fragmentum.
1687 741 1764 750 —-
1821 709 1876 767 5.
1933 713 2111 767 mulla
2171 728 2301 769 cum
2351 713 2619 770 libertate

325 793 609 849 notabant
620 815 640 856 ,-
682 809 751 848 ne
794 794 1012 849 nomina
1056 792 1273 868 quidem
1305 794 1550 867 silenteS,
1595 794 1743 868 quod
1788 803 1840 851 et
1871 796 2046 869 ipsum
2093 797 2333 852 imitatur
2361 795 2616 853 Lucilius,

324 907 409 917 —
455 876 519 934 6.
568 876 623 933 7.
691 878 828 935 hinc
873 882 1052 935 omnis
1088 881 1305 951 pendet
1331 879 1604 950 luciliuS,
1652 880 1824 936 hosce
1857 888 2091 937 secutus
2121 885 2617 939 mutatis‘tantum

325 965 586 1019 numeris
623 964 1012 1036 pedibusque‚·
1066 965 1223 1020 nimis
1280 980 1393 1019 rem
1443 970 1739 1039 exaggerat
1784 964 2072 1034 Horatius3
2126 983 2247 1021 nam
2303 968 2462 1022 etiam
2516 968 2618 1024 alia

326 1045 469 1109 haud
513 1063 683 1121 pauca
738 1064 873 1121 quae
926 1065 1038 1104 non
1094 1048 1158 1117 ad
1202 1047 1465 1122 carpenda
1509 1050 1701 1105 civium
1760 1050 1882 1105 vitia
1938 1057 1994 1105 et
2037 1040 2391 1125 corrigendos
2436 1069 2616 1108 mores

323 1132 668 1204 pertinerent
710 1133 765 1187 in
796 1132 982 1189 Lucilii
1012 1135 1210 1190 saturis
1240 1132 1411 1188 l'uere.
1485 1143 1762 1207 praeterea
1808 1135 2028 1190 archaea
2056 1136 2357 1192 Atticorum
2403 1154 2618 1193 comoe-

326 1215 411 1271 dia
456 1231 779 1291 quamquam
825 1222 880 1274 et
922 1218 1036 1291 ipsa
1083 1217 1407 1292 castigandis
1451 1219 1645 1273 civium
1689 1217 1929 1275 moribus
1973 1219 2075 1275 l'uit
2104 1220 2391 1293 destinata,
2436 1229 2616 1277 tamen

317 1291 502 1356 'libero
546 1303 799 1375 ingressu
842 1303 898 1358 in
943 1303 1179 1360 alienum
1222 1310 1281 1358 et
1325 1311 1384 1358 ut
1429 1304 1501 1358 ita
1532 1302 1701 1359 dicam
1747 1303 1987 1377 purioris
2018 1305 2251 1361 aetheris
2295 1322 2398 1362 nos
2443 1314 2617 1362 trans-

327 1385 472 1441 l'erre
521 1393 661 1441 amat
706 1385 923 1457 orbem,
977 1395 1031 1465 at
1074 1387 1311 1444 Romana
1366 1389 1528 1443 satira
1582 1395 1792 1461 perstat
1835 1388 1950 1445 fere
1995 1390 2050 1445 in
2097 1391 2233 1446 vitae
2278 1391 2616 1465 quotidianae

328 1469 490 1526 rebus
550 1477 607 1526 et
662 1471 967 1527 hominibus
1021 1471 1411 1547 proponendis,
1509 1474 1694 1548 itaque
1748 1473 2098 1530 mordacitate
2166 1477 2504 1548 potissimum
2564 1484 2619 1531 et

328 1552 581 1610 libertate
623 1555 813 1612 similis
856 1557 1234 1632 Aristophanis
1264 1555 1518 1614 Lucilius,
1565 1587 1651 1597 --
1694 1563 1925 1615 mutatis
1969 1567 2189 1616 tantum
2226 1562 2471 1633 pedibus
2513 1579 2619 1618 nu-

325 1643 634 1713 merisque,
682 1642 806 1713 quia
851 1639 1071 1698 Flaccus
1117 1658 1239 1698 eum
1282 1641 1558 1714 plerisque
1588 1640 1950 1713 Romanorum
1997 1647 2244 1718 exiguam
2289 1640 2373 1701 v‘el
2417 1646 2618 1702 nullam

329 1723 565 1780 habuere
623 1727 888 1781 rationem
944 1726 1293 1783 iambicorum
1351 1736 1405 1782 et
1475 1727 1869 1783 trochaicorum
1933 1727 2123 1786 Lucilii
2189 1729 2466 1787 librorum.
2536 1761 2617 1770 --

330 1809 385 1865 7.
448 1809 724 1882 famma,-
775 1811 852 1867 ita
894 1818 997 1867 sat.
1044 1811 1088 1866 X
1141 1811 1328 1884 fuerit
1371 1811 1663 1885 LuciliuS,
1707 1816 1970 1886 inquam,
2019 1819 2193 1872 comis
2236 1823 2290 1871 et
2335 1818 2614 1873 urbanus,

328 1902 384 1949 et
428 1893 790 1951 urbanitatem
835 1893 1026 1954 Lucilii
1070 1898 1272 1971 passim
1326 1895 1573 1952 laudibus
1618 1897 1862 1953 extulere
1907 1898 2112 1955 Tullius
2170 1907 2224 1954 et
2277 1902 2450 1956 secuti
2495 1918 2618 1956 eum

327 1978 596 2053 plerique.
632 2010 717 2020 —
762 1978 821 2036 8.
868 1988 1167 2039 emunctae
1197 1984 1395 2046 naris;
1436 1980 1579 2037 idem
1609 1981 1725 2037 fere
1755 1983 1860 2039 hoe
1889 1982 2010 2039 loco
2041 1981 2376 2056 significatur
2406 1984 2618 2056 Flacco,

327 2065 460 2119 citra
509 2072 685 2121 tamen
731 2081 943 2121 omnem
989 2065 1344 2145 hyperbolen,
1395 2065 1542 2139 quod
1572 2065 1746 2122 Plinio
1778 2083 1899 2122 cum
1932 2068 2063 2124 dicit
2093 2070 2326 2142 primum
2356 2069 2619 2126 Lucilium

327 2148 638 2205 condidisse
682 2148 795 2205 stili
838 2167 1047 2208 nasum.
1122 2152 1195 2206 ita
1239 2159 1294 2206 et
1339 2150 1562 2208 Martial.
1608 2150 1648 2220 1,
1685 2151 1720 2208 3
1767 2151 1834 2207 de
1876 2151 2181 2209 hominibus
2225 2153 2438 2211 subtilis
2484 2156 2621 2229 pari-

327 2240 415 2288 ter
459 2250 522 2290 ae
566 2231 798 2290 difficilis
842 2235 1054 2293 iudicii:

585 2365 817 2420 maiores
862 2382 1128 2439 nusquam
1169 2364 1428 2435 rhonchi‚
1471 2366 1802 2439 iuvenesque
1844 2383 2110 2442 senesque

587 2456 642 2504 et
683 2451 836 2523 pueri
880 2467 1037 2507 nares
1082 2451 1442 2506 rhinocerotis
1485 2448 1701 2506 habent.

329 2596 572 2645 ceterum
616 2596 810 2644 notum
855 2596 1001 2659 est.,·
1029 2605 1185 2662 quam
1228 2588 1454 2645 ridicule
1496 2589 1919 2667 philologorum.
1964 2590 2210 2665 plerique
2253 2591 2489 2648 dictione
2530 2593 2623 2649 illa

331 2690 492 2748 quam
535 2689 696 2729 nemo
742 2672 987 2730 adhibuit
1028 2681 1156 2747 post
1198 2672 1473 2730 Horatium
1519 2682 1744 2748 excepto
1803 2676 1895 2748 qui
1939 2683 2124 2748 aperte
2175 2676 2427 2733 exscribit
2468 2677 2622 2733 illum

257 2798 263 2802 <
328 2757 576 2815 Phaedro
625 2752 741 2834 [111‚
787 2758 846 2828 3,
897 2752 1002 2833 14]
1051 2757 1202 2814 abusi
1247 2760 1375 2815 sint.
1452 2775 1644 2833 nempe
1687 2758 1822 2815 adeo
1868 2759 2010 2833 apud
2051 2759 2354 2818 Harlesium
2397 2763 2454 2817 in
2497 2763 2622 2818 vitis

255 2835 262 2840 Χ
330 2836 742 2919 philologorum
785 2842 894 2915 llll,
925 2841 1047 2898 242
1092 2841 1330 2900 Reitzius
1376 2843 1442 2899 de
1473 2844 1882 2900 Hemsterhusio
1930 2843 2039 2901 ‘cui
2084 2855 2280 2919 quanta
2324 2862 2447 2902 eum
2491 2863 2623 2903 cura
2674 2837 2678 2841 Α

330 2944 490 2984 nares
533 2929 679 3002 ipsae
722 2927 902 2983 Musae
946 2929 1304 3000 emunxerint,
1348 2936 1467 2984 tute
1511 2928 1757 2985 novisti.'
1809 2960 1896 2971 —-
1951 2929 2010 2987 8.
2057 2930 2114 2988 9.
2181 2934 2365 2988 durus
2409 2948 2621 3003 conpo-

332 3028 475 3069 nere
520 3028 753 3077 versus;
794 3030 930 3070 nam
968 3012 1087 3085 fuit
1128 3014 1239 3069 hoc
1283 3016 1547 3077 vitiosus;
1589 3013 1662 3069 ef.
1712 3014 1810 3086 10,
1848 3013 2040 3085 1—3;
2087 3014 2156 3071 ib.
2190 3016 2473 3086 56-613
2520 3017 2625 3073 hoc
2690 3005 2703 3020 ⁸

331 3097 589 3153 iudicium
633 3097 780 3173 quod
825 3097 890 3154 ad
934 3096 1225 3172 dactylicos
1270 3096 1458 3153 Lucilii
1503 3097 1670 3176 libros
1714 3101 1952 3172 pertinet
1983 3116 2175 3157 vereor
2216 3117 2284 3157 ne
2328 3103 2402 3157 sit
2445 3102 2622 3157 minus

330 3198 581 3256 aequum.
656 3199 777 3239 nam
821 3191 1038 3256 praeter
1080 3183 1420 3239 hexametros
1451 3184 1804 3257 paucissimos
1850 3201 2071 3241 caesura
2100 3194 2345 3242 carentes
2386 3194 2442 3242 et
2472 3202 2623 3260 aspe-

333 3269 477 3324 riora
509 3267 769 3342 quaedam
799 3268 1059 3342 synizesis
1090 3267 1336 3341 exempla
1366 3276 1422 3323 et
1452 3267 1714 3340 elisionis,
1761 3268 1956 3343 quibus
2002 3270 2263 3326 accedunt
2305 3287 2417 3326 non
2462 3272 2621 3325 nimis

336 3369 460 3408 raro
506 3352 795 3428 spondiaca
839 3351 1095 3409 voeabula
1140 3352 1437 3410 secuudum
1481 3352 1676 3426 pedem
1721 3355 1989 3428 explentia
2043 3355 2125 3410 vel
2166 3354 2464 3428 productae
2508 3357 2627 3410 iure

338 3454 593 3493 caesurae
638 3454 737 3493 seu
783 3435 919 3493 finiti
963 3454 1156 3494 sensus
1202 3435 1387 3495 finales
1431 3445 1488 3494 et
1530 3440 1767 3495 minores
1813 3438 2069 3513 quaedam
2109 3438 2450 3510 insolentiae,
2496 3439 2647 3518 quid·

337 3530 628 3597 tantopere
670 3524 726 3578 in
763 3524 1009 3579 numeris
1038 3522 1322 3578 Lucilianis
1365 3523 1701 3597 displicuerit
1741 3541 1852 3579 non
1895 3522 2074 3595 video,
2119 3526 2212 3598 qui
2253 3524 2384 3579 mihi
2425 3540 2626 3597 nequa·

336 3624 494 3682 quam
524 3607 776 3664 videntur
805 3606 1029 3663 sordere
1058 3607 1288 3663 multum
1317 3624 1445 3681 prae
1474 3607 1683 3665 Horatii
1713 3617 2044 3678 saturarum;
2081 3625 2306 3682 quarum
2336 3625 2466 3664 sane
2497 3618 2625 3664 sunt

336 3692 506 3749 multo
550 3692 728 3749 minus
769 3692 937 3748 limati
982 3709 1043 3748 ac
1087 3695 1216 3748 tersi
1247 3710 1407 3767 quam
1438 3693 1809 3767 epistularum.
1883 3693 2118 3749 fortasse
2164 3702 2341 3750 tamen
2385 3695 2485 3749 ista
2517 3710 2626 3749 non

339 3784 442 3833 tam
487 3779 762 3853 pertinent
805 3777 869 3833 ad
913 3776 1173 3833 Lucilium
1219 3777 1542 3851 carpendum
1588 3770 1749 3853 quam
1800 3778 1866 3833 ad
1908 3777 2359 3854 perstringendos
2406 3778 2626 3852 oblique

337 3862 542 3919 Horatii
589 3862 891 3936 aequalium
936 3879 1031 3919 eos
1073 3864 1168 3936 qui
1194 3863 1354 3918 nimia
1385 3861 1575 3919 Lucilii
1605 3863 1956 3919 admiratione
1985 3880 2107 3919 cum
2137 3871 2458 3920 tenerentur
2500 3864 2627 3918 vitia

338 3949 519 4021 potius
564 3949 680 4004 eius
725 3964 884 4022 quam
928 3949 1159 4003 virtutes
1200 3946 1482 4004 imitandas
1522 3947 1624 4004 sibi
1653 3947 1930 4004 ducerent.
1976 3980 2058 3987 —
2106 3949 2162 4006 9.
2215 3949 2312 4005 10.
2372 3952 2432 4004 in
2476 3949 2625 4004 hora

339 4048 513 4106 saepe
553 4034 834 4089 ducentos
877 4040 939 4090 ul
981 4050 1247 4106 magnum
1291 4048 1496 4090 versus
1537 4034 1790 4089 dictabat
1820 4041 1984 4090 stans
2007 4035 2158 4106 pede
2188 4037 2246 4089 in
2277 4050 2409 4089 uno.
2466 4034 2627 4088 etiam

340 4118 427 4174 hic
469 4119 649 4174 minus
691 4125 843 4173 recte
886 4115 1133 4173 Flaccum
1182 4118 1248 4173 de
1292 4116 1501 4174 Lucilio
1546 4117 1809 4175 iudicasse
1853 4118 2123 4174 existimo.
2215 4118 2413 4190 quippe
2459 4133 2628 4189 prona

343 4212 425 4259 est
468 4204 701 4276 suspitio
759 4202 910 4257 illum
966 4201 1125 4257 verba
1183 4203 1342 4258 huius
1401 4201 1593 4276 quibus
1652 4202 1760 4259 tale
1817 4201 2018 4276 aliquid
2072 4202 2139 4258 de
2195 4218 2253 4257 se
2297 4201 2631 4274 praedicaret

340 4287 473 4344 male
518 4304 640 4344 esse
682 4289 1097 4361 interpretatum
1149 4289 1258 4360 ita,
1315 4295 1375 4343 ut
1418 4304 1703 4344 numerum
1747 4285 1960 4343 finitum
2003 4286 2283 4359 erederet,
2344 4286 2435 4360 qui
2480 4293 2629 4342 esset

339 4374 550 4446 positus
607 4390 707 4446 pro
763 4373 955 4444 quovis
1016 4370 1259 4443 inlinit03
1329 4381 1387 4428 ut
1442 4371 1564 4427 alibi
1621 4382 1706 4429 est
1771 4372 1912 4447 apud
1980 4371 2212 4427 eundem
2271 4389 2513 4445 quorum
2568 4366 2661 4428 in’

2096 4468 2204 4523 19*
