<?xml version="1.0" encoding="UTF-8"?>
<!DOCTYPE html PUBLIC "-//W3C//DTD XHTML 1.0 Transitional//EN"
    "http://www.w3.org/TR/xhtml1/DTD/xhtml1-transitional.dtd">
<html xmlns="http://www.w3.org/1999/xhtml" xml:lang="en" lang="en">
 <head>
  <title>
</title>
<meta http-equiv="Content-Type" content="text/html;charset=utf-8" />
  <meta name='ocr-system' content='tesseract 3.04.00' />
  <meta name='ocr-capabilities' content='ocr_page ocr_carea ocr_par ocr_line ocrx_word'/>
</head>
<body>
  <div class='ocr_page' id='page_1' title='image "./clucilisaturaru00mlgoog_0358.png"; bbox 0 0 3267 5075; ppageno 0'>
   <div class='ocr_carea' id='block_1_1' title="bbox 671 322 2046 390">
    <p class='ocr_par' dir='ltr' id='par_1_1' title="bbox 671 322 2046 390">
     <span class='ocr_line' id='line_1_1' title="bbox 671 322 2046 390; baseline -0.01 1"><span class='ocrx_word' id='word_1_1' title='bbox 671 325 800 390; x_wconf 85' lang='grc'><strong>248</strong></span> <span class='ocrx_word' id='word_1_2' title='bbox 1571 384 1576 389; x_wconf 69' lang='grc'><strong>,</strong></span> <span class='ocrx_word' id='word_1_3' title='bbox 1593 322 1815 379; x_wconf 80' lang='lat' dir='ltr'>LIBER</span> <span class='ocrx_word' id='word_1_4' title='bbox 1848 323 2046 379; x_wconf 87' lang='lat' dir='ltr'>XXVI.</span> 
     </span>
    </p>
   </div>
   <div class='ocr_carea' id='block_1_2' title="bbox 674 488 2941 2256">
    <p class='ocr_par' dir='ltr' id='par_1_2' title="bbox 674 488 2923 741">
     <span class='ocr_line' id='line_1_2' title="bbox 844 488 2923 564; baseline -0.002 -14"><span class='ocrx_word' id='word_1_5' title='bbox 844 493 945 550; x_wconf 88' lang='lat'><strong>33.</strong></span> <span class='ocrx_word' id='word_1_6' title='bbox 1021 502 1287 550; x_wconf 89' lang='lat' dir='ltr'><strong>tumorem</strong></span> <span class='ocrx_word' id='word_1_7' title='bbox 1333 490 1821 563; x_wconf 79' lang='lat' dir='ltr'><strong>abundantiamque</strong></span> <span class='ocrx_word' id='word_1_8' title='bbox 1852 489 2109 547; x_wconf 89' lang='lat' dir='ltr'><strong>orationis</strong></span> <span class='ocrx_word' id='word_1_9' title='bbox 2139 491 2371 564; x_wconf 84' lang='lat' dir='ltr'><strong>castigat</strong></span> <span class='ocrx_word' id='word_1_10' title='bbox 2414 497 2605 564; x_wconf 82' lang='lat' dir='ltr'><strong>poeta3</strong></span> <span class='ocrx_word' id='word_1_11' title='bbox 2647 505 2760 546; x_wconf 87' lang='lat' dir='ltr'><strong>nam</strong></span> <span class='ocrx_word' id='word_1_12' title='bbox 2797 488 2923 545; x_wconf 83' lang='lat' dir='ltr'><strong>suffi-</strong></span> 
     </span>
     <span class='ocr_line' id='line_1_3' title="bbox 674 574 2923 649; baseline -0.003 -13"><span class='ocrx_word' id='word_1_13' title='bbox 674 578 848 636; x_wconf 86' lang='lat' dir='ltr'><strong>ciebat</strong></span> <span class='ocrx_word' id='word_1_14' title='bbox 890 594 1017 633; x_wconf 87' lang='lat' dir='ltr'><strong>sane</strong></span> <span class='ocrx_word' id='word_1_15' title='bbox 1060 576 1223 634; x_wconf 87' lang='lat' dir='ltr'><strong>illud:</strong></span> <span class='ocrx_word' id='word_1_16' title='bbox 1282 579 1597 633; x_wconf 80' lang='lat' dir='ltr'><strong>contionem</strong></span> <span class='ocrx_word' id='word_1_17' title='bbox 1644 582 1870 649; x_wconf 71' lang='lat' dir='ltr'><strong>coqunt.</strong></span> <span class='ocrx_word' id='word_1_18' title='bbox 1929 605 2005 616; x_wconf 90' lang='lat'><strong>——</strong></span> <span class='ocrx_word' id='word_1_19' title='bbox 2063 583 2328 649; x_wconf 88' lang='lat' dir='ltr'><strong>quantum</strong></span> <span class='ocrx_word' id='word_1_20' title='bbox 2382 575 2447 631; x_wconf 90' lang='lat' dir='ltr'><strong>ad</strong></span> <span class='ocrx_word' id='word_1_21' title='bbox 2492 591 2607 632; x_wconf 87' lang='lat' dir='ltr'><strong>rem</strong></span> <span class='ocrx_word' id='word_1_22' title='bbox 2648 574 2923 630; x_wconf 75' lang='lat' dir='ltr'><strong>conferendi</strong></span> 
     </span>
     <span class='ocr_line' id='line_1_4' title="bbox 675 659 2723 741; baseline -0.002 -22"><span class='ocrx_word' id='word_1_23' title='bbox 675 664 736 719; x_wconf 92' lang='grc'><strong>11.</strong></span> <span class='ocrx_word' id='word_1_24' title='bbox 780 663 844 736; x_wconf 87' lang='lat' dir='ltr'><strong>ll,</strong></span> <span class='ocrx_word' id='word_1_25' title='bbox 879 662 992 732; x_wconf 79' lang='lat'><strong>723</strong></span> <span class='ocrx_word' id='word_1_26' title='bbox 1039 661 1152 731; x_wconf 79' lang='lat'><strong>833</strong></span> <span class='ocrx_word' id='word_1_27' title='bbox 1199 659 1467 718; x_wconf 84' lang='lat'><strong>96—98.</strong></span> <span class='ocrx_word' id='word_1_28' title='bbox 1514 690 1595 700; x_wconf 91' lang='lat'>—</span> <span class='ocrx_word' id='word_1_29' title='bbox 1642 667 1869 733; x_wconf 64' lang='lat' dir='ltr'><strong>commi,</strong></span> <span class='ocrx_word' id='word_1_30' title='bbox 1904 675 2250 733; x_wconf 80' lang='lat' dir='ltr'><strong><em>praecones.</em></strong></span> <span class='ocrx_word' id='word_1_31' title='bbox 2713 725 2723 741; x_wconf 40' lang='grc'><strong>,</strong></span> 
     </span>
    </p>

    <p class='ocr_par' dir='ltr' id='par_1_3' title="bbox 675 730 2931 1329">
     <span class='ocr_line' id='line_1_5' title="bbox 846 730 2926 819; baseline -0.003 -15"><span class='ocrx_word' id='word_1_32' title='bbox 846 746 942 804; x_wconf 89' lang='grc'><strong>34.</strong></span> <span class='ocrx_word' id='word_1_33' title='bbox 1017 748 1363 809; x_wconf 80' lang='lat' dir='ltr'><strong>domitionis,·</strong></span> <span class='ocrx_word' id='word_1_34' title='bbox 1405 745 1594 819; x_wconf 78' lang='lat' dir='ltr'><strong>glosae</strong></span> <span class='ocrx_word' id='word_1_35' title='bbox 1625 743 1850 801; x_wconf 86' lang='lat' dir='ltr'><strong>Labbaei</strong></span> <span class='ocrx_word' id='word_1_36' title='bbox 1892 747 2171 802; x_wconf 83' lang='lat' dir='ltr'><strong>domitone</strong></span> <span class='ocrx_word' id='word_1_37' title='bbox 2215 743 2271 816; x_wconf 91' lang='lat' dir='ltr'><strong>(i.</strong></span> <span class='ocrx_word' id='word_1_38' title='bbox 2303 761 2351 801; x_wconf 91' lang='lat' dir='ltr'><strong>e.</strong></span> <span class='ocrx_word' id='word_1_39' title='bbox 2398 740 2762 818; x_wconf 69' lang='lat' dir='ltr'><strong>dentitionem)</strong></span> <span class='ocrx_word' id='word_1_40' title='bbox 2806 730 2926 800; x_wconf 77' lang='grc' dir='ltr'><strong>ἐπά-</strong></span> 
     </span>
     <span class='ocr_line' id='line_1_6' title="bbox 675 827 2928 903; baseline -0.003 -13"><span class='ocrx_word' id='word_1_41' title='bbox 675 828 875 890; x_wconf 79' lang='grc' dir='ltr'><strong>νοδον.</strong></span> <span class='ocrx_word' id='word_1_42' title='bbox 965 839 1070 888; x_wconf 86' lang='lat' dir='ltr'><strong>cet.</strong></span> <span class='ocrx_word' id='word_1_43' title='bbox 1120 831 1339 887; x_wconf 85' lang='lat' dir='ltr'><strong>omnino</strong></span> <span class='ocrx_word' id='word_1_44' title='bbox 1396 828 1626 903; x_wconf 82' lang='lat' dir='ltr'><strong>legenda</strong></span> <span class='ocrx_word' id='word_1_45' title='bbox 1671 845 1809 903; x_wconf 89' lang='lat' dir='ltr'><strong>quae</strong></span> <span class='ocrx_word' id='word_1_46' title='bbox 1853 828 2081 885; x_wconf 82' lang='lat' dir='ltr'><strong>diximus</strong></span> <span class='ocrx_word' id='word_1_47' title='bbox 2125 828 2192 885; x_wconf 89' lang='lat' dir='ltr'><strong>de</strong></span> <span class='ocrx_word' id='word_1_48' title='bbox 2237 829 2344 885; x_wconf 89' lang='grc'><strong>1100</strong></span> <span class='ocrx_word' id='word_1_49' title='bbox 2395 828 2654 885; x_wconf 89' lang='lat' dir='ltr'><strong>vocabulo</strong></span> <span class='ocrx_word' id='word_1_50' title='bbox 2694 846 2780 903; x_wconf 87' lang='lat' dir='ltr'><strong>pg.</strong></span> <span class='ocrx_word' id='word_1_51' title='bbox 2824 827 2928 884; x_wconf 82' lang='lat'><strong>420</strong></span> 
     </span>
     <span class='ocr_line' id='line_1_7' title="bbox 676 912 2928 986; baseline 0 -13"><span class='ocrx_word' id='word_1_52' title='bbox 676 918 717 976; x_wconf 91' lang='lat' dir='ltr'><strong>l.</strong></span> <span class='ocrx_word' id='word_1_53' title='bbox 741 935 825 979; x_wconf 88' lang='lat' dir='ltr'><strong>n.;</strong></span> <span class='ocrx_word' id='word_1_54' title='bbox 873 917 1032 972; x_wconf 89' lang='lat' dir='ltr'><strong>etiam</strong></span> <span class='ocrx_word' id='word_1_55' title='bbox 1065 917 1119 972; x_wconf 91' lang='lat' dir='ltr'><strong>in</strong></span> <span class='ocrx_word' id='word_1_56' title='bbox 1148 914 1360 971; x_wconf 87' lang='lat' dir='ltr'><strong>Pacuvii</strong></span> <span class='ocrx_word' id='word_1_57' title='bbox 1392 930 1572 985; x_wconf 89' lang='lat' dir='ltr'><strong>versu,</strong></span> <span class='ocrx_word' id='word_1_58' title='bbox 1605 929 1768 986; x_wconf 84' lang='lat' dir='ltr'><strong>quem</strong></span> <span class='ocrx_word' id='word_1_59' title='bbox 1798 912 1975 970; x_wconf 80' lang='lat' dir='ltr'><strong>adfert</strong></span> <span class='ocrx_word' id='word_1_60' title='bbox 2002 913 2229 984; x_wconf 76' lang='lat' dir='ltr'><strong>Nonius,</strong></span> <span class='ocrx_word' id='word_1_61' title='bbox 2261 912 2659 973; x_wconf 87' lang='lat' dir='ltr'><strong>restituendum</strong></span> <span class='ocrx_word' id='word_1_62' title='bbox 2686 913 2833 974; x_wconf 86' lang='lat' dir='ltr'><strong>idem.</strong></span> <span class='ocrx_word' id='word_1_63' title='bbox 2862 942 2928 952; x_wconf 88' lang='lat'><em>-</em></span> 
     </span>
     <span class='ocr_line' id='line_1_8' title="bbox 677 996 2931 1073; baseline -0.003 -15"><span class='ocrx_word' id='word_1_64' title='bbox 677 1004 748 1058; x_wconf 86' lang='lat' dir='ltr'><strong>ita</strong></span> <span class='ocrx_word' id='word_1_65' title='bbox 782 1001 1005 1057; x_wconf 90' lang='lat' dir='ltr'><strong>Varroni</strong></span> <span class='ocrx_word' id='word_1_66' title='bbox 1050 1000 1330 1073; x_wconf 86' lang='lat' dir='ltr'><strong>Menippeo</strong></span> <span class='ocrx_word' id='word_1_67' title='bbox 1361 1000 1705 1054; x_wconf 75' lang='lat' dir='ltr'><strong>domus-ionis</strong></span> <span class='ocrx_word' id='word_1_68' title='bbox 1743 997 2061 1055; x_wconf 83' lang='lat' dir='ltr'><strong>vocabulum</strong></span> <span class='ocrx_word' id='word_1_69' title='bbox 2104 997 2456 1073; x_wconf 88' lang='lat' dir='ltr'><strong>probabiliter</strong></span> <span class='ocrx_word' id='word_1_70' title='bbox 2495 996 2682 1053; x_wconf 80' lang='lat' dir='ltr'><strong>tribuit</strong></span> <span class='ocrx_word' id='word_1_71' title='bbox 2722 998 2931 1053; x_wconf 84' lang='lat' dir='ltr'><strong>Bueche-</strong></span> 
     </span>
     <span class='ocr_line' id='line_1_9' title="bbox 679 1082 2928 1156; baseline -0.002 -14"><span class='ocrx_word' id='word_1_72' title='bbox 679 1087 824 1142; x_wconf 88' lang='lat' dir='ltr'><strong>Ierus</strong></span> <span class='ocrx_word' id='word_1_73' title='bbox 871 1104 940 1141; x_wconf 90' lang='lat' dir='ltr'><strong>m.</strong></span> <span class='ocrx_word' id='word_1_74' title='bbox 977 1085 1077 1141; x_wconf 88' lang='lat' dir='ltr'><strong>Rh.</strong></span> <span class='ocrx_word' id='word_1_75' title='bbox 1111 1083 1242 1155; x_wconf 84' lang='lat' dir='ltr'><strong>xm,</strong></span> <span class='ocrx_word' id='word_1_76' title='bbox 1274 1082 1416 1140; x_wconf 83' lang='lat'><strong>586.</strong></span> <span class='ocrx_word' id='word_1_77' title='bbox 1468 1113 1542 1121; x_wconf 90' lang='lat'><strong>—-</strong></span> <span class='ocrx_word' id='word_1_78' title='bbox 1591 1085 1944 1147; x_wconf 61' lang='lat' dir='ltr'><strong>domnionis,-</strong></span> <span class='ocrx_word' id='word_1_79' title='bbox 1990 1084 2148 1139; x_wconf 89' lang='lat' dir='ltr'><strong>etiam</strong></span> <span class='ocrx_word' id='word_1_80' title='bbox 2179 1083 2267 1139; x_wconf 88' lang='lat' dir='ltr'><strong>hic</strong></span> <span class='ocrx_word' id='word_1_81' title='bbox 2296 1083 2552 1139; x_wconf 88' lang='lat' dir='ltr'><strong>irridetur</strong></span> <span class='ocrx_word' id='word_1_82' title='bbox 2582 1100 2694 1138; x_wconf 90' lang='lat' dir='ltr'><strong>mos</strong></span> <span class='ocrx_word' id='word_1_83' title='bbox 2723 1083 2928 1156; x_wconf 82' lang='lat' dir='ltr'><strong>tragico-</strong></span> 
     </span>
     <span class='ocr_line' id='line_1_10' title="bbox 679 1166 2931 1241; baseline -0.003 -15"><span class='ocrx_word' id='word_1_84' title='bbox 679 1189 799 1226; x_wconf 86' lang='lat' dir='ltr'><strong>rum</strong></span> <span class='ocrx_word' id='word_1_85' title='bbox 843 1169 1002 1226; x_wconf 88' lang='lat' dir='ltr'><strong>verba</strong></span> <span class='ocrx_word' id='word_1_86' title='bbox 1046 1166 1336 1224; x_wconf 81' lang='lat' dir='ltr'><strong>artificiose</strong></span> <span class='ocrx_word' id='word_1_87' title='bbox 1379 1167 1679 1241; x_wconf 89' lang='lat' dir='ltr'><strong>composita</strong></span> <span class='ocrx_word' id='word_1_88' title='bbox 1724 1175 1781 1223; x_wconf 85' lang='lat' dir='ltr'><strong>et</strong></span> <span class='ocrx_word' id='word_1_89' title='bbox 1821 1174 1968 1224; x_wconf 85' lang='lat' dir='ltr'><strong>vasta</strong></span> <span class='ocrx_word' id='word_1_90' title='bbox 2011 1167 2107 1224; x_wconf 90' lang='lat' dir='ltr'><strong>sed</strong></span> <span class='ocrx_word' id='word_1_91' title='bbox 2140 1168 2287 1223; x_wconf 91' lang='lat' dir='ltr'><strong>sonis</strong></span> <span class='ocrx_word' id='word_1_92' title='bbox 2323 1167 2494 1241; x_wconf 83' lang='lat' dir='ltr'><strong>magis</strong></span> <span class='ocrx_word' id='word_1_93' title='bbox 2526 1182 2686 1241; x_wconf 89' lang='lat' dir='ltr'><strong>quam</strong></span> <span class='ocrx_word' id='word_1_94' title='bbox 2712 1166 2931 1222; x_wconf 82' lang='lat' dir='ltr'><strong>sensibus</strong></span> 
     </span>
     <span class='ocr_line' id='line_1_11' title="bbox 678 1250 2931 1329; baseline -0.003 -18"><span class='ocrx_word' id='word_1_95' title='bbox 678 1256 971 1329; x_wconf 88' lang='lat' dir='ltr'><strong>conspicua</strong></span> <span class='ocrx_word' id='word_1_96' title='bbox 992 1252 1263 1308; x_wconf 89' lang='lat' dir='ltr'><strong>inserendi</strong></span> <span class='ocrx_word' id='word_1_97' title='bbox 1287 1251 1630 1309; x_wconf 89' lang='lat' dir='ltr'><strong>carminibus.</strong></span> <span class='ocrx_word' id='word_1_98' title='bbox 1655 1268 1736 1292; x_wconf 67' lang='lat'><strong>—-—</strong></span> <span class='ocrx_word' id='word_1_99' title='bbox 1759 1255 2057 1325; x_wconf 84' lang='lat' dir='ltr'><strong>imperium</strong></span> <span class='ocrx_word' id='word_1_100' title='bbox 2070 1270 2138 1325; x_wconf 80' lang='lat' dir='ltr'><strong>p.</strong></span> <span class='ocrx_word' id='word_1_101' title='bbox 2161 1256 2294 1308; x_wconf 86' lang='lat' dir='ltr'><strong>inm.</strong></span> <span class='ocrx_word' id='word_1_102' title='bbox 2312 1276 2329 1316; x_wconf 89' lang='lat'><em>;</em></span> <span class='ocrx_word' id='word_1_103' title='bbox 2350 1252 2422 1309; x_wconf 82' lang='lat' dir='ltr'><strong>cf.</strong></span> <span class='ocrx_word' id='word_1_104' title='bbox 2446 1251 2594 1324; x_wconf 84' lang='lat'><strong>11.11‚</strong></span> <span class='ocrx_word' id='word_1_105' title='bbox 2614 1250 2931 1308; x_wconf 89' lang='grc'><strong>142-336.</strong></span> 
     </span>
    </p>

    <p class='ocr_par' dir='ltr' id='par_1_4' title="bbox 680 1335 2935 1665">
     <span class='ocr_line' id='line_1_12' title="bbox 849 1335 2933 1410; baseline -0.001 -16"><span class='ocrx_word' id='word_1_106' title='bbox 849 1337 951 1394; x_wconf 88' lang='lat'><strong>35.</strong></span> <span class='ocrx_word' id='word_1_107' title='bbox 1021 1338 1155 1394; x_wconf 85' lang='lat' dir='ltr'><strong>haec</strong></span> <span class='ocrx_word' id='word_1_108' title='bbox 1207 1343 1332 1410; x_wconf 87' lang='lat' dir='ltr'><strong>apte</strong></span> <span class='ocrx_word' id='word_1_109' title='bbox 1376 1336 1444 1392; x_wconf 87' lang='lat' dir='ltr'><strong>ad</strong></span> <span class='ocrx_word' id='word_1_110' title='bbox 1487 1335 1846 1410; x_wconf 82' lang='lat' dir='ltr'><strong>Myrmidonas</strong></span> <span class='ocrx_word' id='word_1_111' title='bbox 1892 1338 2035 1394; x_wconf 85' lang='lat' dir='ltr'><strong>Accii</strong></span> <span class='ocrx_word' id='word_1_112' title='bbox 2092 1337 2415 1393; x_wconf 82' lang='lat' dir='ltr'><strong>referentur.</strong></span> <span class='ocrx_word' id='word_1_113' title='bbox 2502 1338 2933 1409; x_wconf 57' lang='lat' dir='ltr'><strong>contemnimus,-</strong></span> 
     </span>
     <span class='ocr_line' id='line_1_13' title="bbox 680 1420 2935 1494; baseline -0.003 -15"><span class='ocrx_word' id='word_1_114' title='bbox 680 1423 869 1480; x_wconf 88' lang='lat' dir='ltr'><strong>irridet</strong></span> <span class='ocrx_word' id='word_1_115' title='bbox 924 1423 1031 1478; x_wconf 88' lang='lat' dir='ltr'><strong>hoc</strong></span> <span class='ocrx_word' id='word_1_116' title='bbox 1087 1420 1406 1478; x_wconf 82' lang='lat' dir='ltr'><strong>vocabulum</strong></span> <span class='ocrx_word' id='word_1_117' title='bbox 1461 1420 1592 1479; x_wconf 79' lang='lat' dir='ltr'><strong>Lae.</strong></span> <span class='ocrx_word' id='word_1_118' title='bbox 1651 1451 1736 1462; x_wconf 92' lang='lat'><strong>—-</strong></span> <span class='ocrx_word' id='word_1_119' title='bbox 1791 1424 2253 1494; x_wconf 78' lang='lat' dir='ltr'><strong>contemnificus‚</strong></span> <span class='ocrx_word' id='word_1_120' title='bbox 2307 1422 2385 1477; x_wconf 89' lang='lat' dir='ltr'><strong>ita</strong></span> <span class='ocrx_word' id='word_1_121' title='bbox 2429 1421 2661 1478; x_wconf 85' lang='lat' dir='ltr'><strong>Achilles</strong></span> <span class='ocrx_word' id='word_1_122' title='bbox 2713 1420 2777 1477; x_wconf 88' lang='lat' dir='ltr'><strong>de</strong></span> <span class='ocrx_word' id='word_1_123' title='bbox 2816 1421 2935 1493; x_wconf 81' lang='lat' dir='ltr'><strong>Aga·</strong></span> 
     </span>
     <span class='ocr_line' id='line_1_14' title="bbox 681 1499 2934 1585; baseline -0.002 -21"><span class='ocrx_word' id='word_1_124' title='bbox 681 1524 965 1564; x_wconf 84' lang='lat' dir='ltr'><strong>memnone</strong></span> <span class='ocrx_word' id='word_1_125' title='bbox 1006 1506 1068 1563; x_wconf 87' lang='lat' dir='ltr'><strong>Il.</strong></span> <span class='ocrx_word' id='word_1_126' title='bbox 1117 1506 1267 1578; x_wconf 88' lang='lat' dir='ltr'>VIIII,</span> <span class='ocrx_word' id='word_1_127' title='bbox 1300 1504 1422 1562; x_wconf 83' lang='lat'><strong>378</strong></span> <span class='ocrx_word' id='word_1_128' title='bbox 1466 1501 1569 1561; x_wconf 87' lang='grc' dir='ltr'><strong>τίω</strong></span> <span class='ocrx_word' id='word_1_129' title='bbox 1610 1500 1676 1563; x_wconf 82' lang='grc' dir='ltr'><strong>δέ</strong></span> <span class='ocrx_word' id='word_1_130' title='bbox 1717 1524 1822 1580; x_wconf 86' lang='grc' dir='ltr'><strong>μιν</strong></span> <span class='ocrx_word' id='word_1_131' title='bbox 1861 1499 1929 1563; x_wconf 78' lang='grc' dir='ltr'><strong>ἐν</strong></span> <span class='ocrx_word' id='word_1_132' title='bbox 1956 1500 2136 1581; x_wconf 80' lang='grc' dir='ltr'><strong><em>καρὸς</em></strong></span> <span class='ocrx_word' id='word_1_133' title='bbox 2165 1501 2331 1585; x_wconf 80' lang='grc' dir='ltr'><strong>αἴσῃ.</strong></span> <span class='ocrx_word' id='word_1_134' title='bbox 2380 1536 2463 1553; x_wconf 67' lang='grc' dir='ltr'><strong>-ι</strong></span> <span class='ocrx_word' id='word_1_135' title='bbox 2501 1507 2768 1580; x_wconf 77' lang='lat' dir='ltr'><strong>fastidire</strong></span> <span class='ocrx_word' id='word_1_136' title='bbox 2807 1506 2934 1578; x_wconf 76' lang='lat' dir='ltr'><strong>Aya-</strong></span> 
     </span>
     <span class='ocr_line' id='line_1_15' title="bbox 682 1590 2423 1665; baseline -0.001 -17"><span class='ocrx_word' id='word_1_137' title='bbox 682 1596 1026 1661; x_wconf 82' lang='lat' dir='ltr'><strong>memnonis;</strong></span> <span class='ocrx_word' id='word_1_138' title='bbox 1065 1593 1142 1647; x_wconf 89' lang='lat' dir='ltr'><strong>sic</strong></span> <span class='ocrx_word' id='word_1_139' title='bbox 1170 1593 1287 1665; x_wconf 91' lang='lat' dir='ltr'><strong>ipse</strong></span> <span class='ocrx_word' id='word_1_140' title='bbox 1317 1591 1567 1647; x_wconf 85' lang='lat' dir='ltr'><strong>satiricus</strong></span> <span class='ocrx_word' id='word_1_141' title='bbox 1598 1590 1636 1648; x_wconf 92' lang='grc'><strong>1.</strong></span> <span class='ocrx_word' id='word_1_142' title='bbox 1669 1590 1753 1646; x_wconf 89' lang='lat' dir='ltr'><strong>VII</strong></span> <span class='ocrx_word' id='word_1_143' title='bbox 1780 1591 2097 1663; x_wconf 77' lang='lat' dir='ltr'><strong>fastidimu&#39;</strong></span> <span class='ocrx_word' id='word_1_144' title='bbox 2131 1593 2423 1650; x_wconf 83' lang='lat' dir='ltr'><strong>bonorum.</strong></span> 
     </span>
    </p>

    <p class='ocr_par' dir='ltr' id='par_1_5' title="bbox 681 1674 2941 2090">
     <span class='ocr_line' id='line_1_16' title="bbox 858 1674 2933 1742; baseline -0.003 -9"><span class='ocrx_word' id='word_1_145' title='bbox 858 1677 958 1737; x_wconf 82' lang='lat'><strong>36.</strong></span> <span class='ocrx_word' id='word_1_146' title='bbox 1035 1692 1101 1732; x_wconf 83' lang='lat' dir='ltr'><strong>ex</strong></span> <span class='ocrx_word' id='word_1_147' title='bbox 1145 1692 1416 1731; x_wconf 88' lang='lat' dir='ltr'><strong>armorum</strong></span> <span class='ocrx_word' id='word_1_148' title='bbox 1461 1675 1662 1731; x_wconf 89' lang='lat' dir='ltr'><strong>iudicio</strong></span> <span class='ocrx_word' id='word_1_149' title='bbox 1708 1674 1920 1730; x_wconf 85' lang='lat' dir='ltr'><strong>Pacuvii</strong></span> <span class='ocrx_word' id='word_1_150' title='bbox 1963 1677 2075 1731; x_wconf 89' lang='lat' dir='ltr'><strong>sive</strong></span> <span class='ocrx_word' id='word_1_151' title='bbox 2120 1677 2264 1731; x_wconf 82' lang='lat' dir='ltr'><strong>Accii</strong></span> <span class='ocrx_word' id='word_1_152' title='bbox 2310 1675 2564 1731; x_wconf 87' lang='lat' dir='ltr'><strong>videntur</strong></span> <span class='ocrx_word' id='word_1_153' title='bbox 2611 1677 2737 1731; x_wconf 80' lang='lat' dir='ltr'><strong>haee</strong></span> <span class='ocrx_word' id='word_1_154' title='bbox 2774 1675 2933 1742; x_wconf 80' lang='lat' dir='ltr'><strong>ascita,</strong></span> 
     </span>
     <span class='ocr_line' id='line_1_17' title="bbox 684 1758 2941 1836; baseline -0.003 -18"><span class='ocrx_word' id='word_1_155' title='bbox 684 1779 1005 1836; x_wconf 87' lang='lat' dir='ltr'><strong>quamquam</strong></span> <span class='ocrx_word' id='word_1_156' title='bbox 1050 1761 1209 1816; x_wconf 88' lang='lat' dir='ltr'><strong>etiam</strong></span> <span class='ocrx_word' id='word_1_157' title='bbox 1253 1761 1308 1815; x_wconf 91' lang='lat' dir='ltr'><strong>in</strong></span> <span class='ocrx_word' id='word_1_158' title='bbox 1343 1759 1643 1817; x_wconf 86' lang='lat' dir='ltr'><strong>Philocteta</strong></span> <span class='ocrx_word' id='word_1_159' title='bbox 1693 1761 1833 1816; x_wconf 82' lang='lat' dir='ltr'><strong>Accii</strong></span> <span class='ocrx_word' id='word_1_160' title='bbox 1879 1761 1956 1815; x_wconf 91' lang='lat' dir='ltr'><strong>eis</strong></span> <span class='ocrx_word' id='word_1_161' title='bbox 1987 1762 2168 1834; x_wconf 87' lang='lat' dir='ltr'><strong>potuit</strong></span> <span class='ocrx_word' id='word_1_162' title='bbox 2196 1777 2317 1817; x_wconf 88' lang='lat' dir='ltr'><strong>esse</strong></span> <span class='ocrx_word' id='word_1_163' title='bbox 2348 1761 2521 1816; x_wconf 80' lang='lat' dir='ltr'><strong>locus,</strong></span> <span class='ocrx_word' id='word_1_164' title='bbox 2570 1791 2650 1803; x_wconf 92' lang='lat'><strong>—-</strong></span> <span class='ocrx_word' id='word_1_165' title='bbox 2697 1758 2941 1832; x_wconf 84' lang='lat' dir='ltr'><strong>displicuit</strong></span> 
     </span>
     <span class='ocr_line' id='line_1_18' title="bbox 681 1844 2937 1919; baseline -0.002 -18"><span class='ocrx_word' id='word_1_166' title='bbox 681 1846 887 1904; x_wconf 86' lang='lat' dir='ltr'><strong>Lucilio</strong></span> <span class='ocrx_word' id='word_1_167' title='bbox 932 1848 1002 1902; x_wconf 83' lang='lat' dir='ltr'><strong>de</strong></span> <span class='ocrx_word' id='word_1_168' title='bbox 1033 1863 1134 1919; x_wconf 90' lang='lat' dir='ltr'><strong>pro</strong></span> <span class='ocrx_word' id='word_1_169' title='bbox 1166 1864 1202 1901; x_wconf 82' lang='lat' dir='ltr'><em>a</em></span> <span class='ocrx_word' id='word_1_170' title='bbox 1235 1846 1504 1918; x_wconf 87' lang='lat' dir='ltr'><strong>positum;</strong></span> <span class='ocrx_word' id='word_1_171' title='bbox 1551 1845 1633 1899; x_wconf 84' lang='lat' dir='ltr'><strong>vix</strong></span> <span class='ocrx_word' id='word_1_172' title='bbox 1683 1845 1823 1900; x_wconf 83' lang='lat' dir='ltr'><strong>enim</strong></span> <span class='ocrx_word' id='word_1_173' title='bbox 1853 1844 2016 1900; x_wconf 87' lang='lat' dir='ltr'><strong>credo</strong></span> <span class='ocrx_word' id='word_1_174' title='bbox 2046 1844 2179 1901; x_wconf 82' lang='lat' dir='ltr'><strong>illud</strong></span> <span class='ocrx_word' id='word_1_175' title='bbox 2212 1849 2294 1901; x_wconf 83' lang='lat' dir='ltr'><strong>vis</strong></span> <span class='ocrx_word' id='word_1_176' title='bbox 2340 1845 2618 1903; x_wconf 81' lang='lat' dir='ltr'><strong>Volcania</strong></span> <span class='ocrx_word' id='word_1_177' title='bbox 2647 1861 2745 1919; x_wconf 91' lang='lat' dir='ltr'><strong>pro</strong></span> <span class='ocrx_word' id='word_1_178' title='bbox 2775 1847 2937 1918; x_wconf 75' lang='lat' dir='ltr'><strong>iqnea.</strong></span> 
     </span>
     <span class='ocr_line' id='line_1_19' title="bbox 684 1928 2941 2005; baseline -0.003 -18"><span class='ocrx_word' id='word_1_179' title='bbox 684 1939 789 1988; x_wconf 92' lang='lat' dir='ltr'><strong>cet.</strong></span> <span class='ocrx_word' id='word_1_180' title='bbox 838 1930 982 1987; x_wconf 76' lang='lat' dir='ltr'><strong>conf.</strong></span> <span class='ocrx_word' id='word_1_181' title='bbox 1031 1928 1148 1985; x_wconf 90' lang='lat' dir='ltr'><strong>Cul.</strong></span> <span class='ocrx_word' id='word_1_182' title='bbox 1196 1929 1340 2000; x_wconf 89' lang='grc'><strong>320,</strong></span> <span class='ocrx_word' id='word_1_183' title='bbox 1373 1929 1473 1986; x_wconf 93' lang='grc'><strong>21.</strong></span> <span class='ocrx_word' id='word_1_184' title='bbox 1531 1959 1616 1969; x_wconf 92' lang='lat'><strong>—-</strong></span> <span class='ocrx_word' id='word_1_185' title='bbox 1672 1931 1816 1985; x_wconf 82' lang='lat' dir='ltr'><strong>idem</strong></span> <span class='ocrx_word' id='word_1_186' title='bbox 1872 1932 2011 1993; x_wconf 84' lang='lat' dir='ltr'><strong>vim‚·</strong></span> <span class='ocrx_word' id='word_1_187' title='bbox 2062 1934 2174 1985; x_wconf 85' lang='lat' dir='ltr'><strong>iam</strong></span> <span class='ocrx_word' id='word_1_188' title='bbox 2220 1933 2278 1987; x_wconf 84' lang='lat' dir='ltr'><strong>vi</strong></span> <span class='ocrx_word' id='word_1_189' title='bbox 2320 1933 2425 1987; x_wconf 86' lang='lat' dir='ltr'><strong>vim</strong></span> <span class='ocrx_word' id='word_1_190' title='bbox 2469 1929 2841 2005; x_wconf 78' lang='lat' dir='ltr'><strong>Baehrensius‚</strong></span> <span class='ocrx_word' id='word_1_191' title='bbox 2889 1936 2941 1981; x_wconf 88' lang='lat' dir='ltr'><strong>ut</strong></span> 
     </span>
     <span class='ocr_line' id='line_1_20' title="bbox 689 2013 2265 2090; baseline 0 -19"><span class='ocrx_word' id='word_1_192' title='bbox 689 2034 776 2090; x_wconf 90' lang='lat' dir='ltr'><strong>ap.</strong></span> <span class='ocrx_word' id='word_1_193' title='bbox 821 2014 982 2071; x_wconf 89' lang='lat' dir='ltr'><strong>Lucr.</strong></span> <span class='ocrx_word' id='word_1_194' title='bbox 1025 2013 1112 2082; x_wconf 81' lang='grc' dir='ltr'><strong>Ν,</strong></span> <span class='ocrx_word' id='word_1_195' title='bbox 1161 2014 1326 2071; x_wconf 85' lang='grc'><strong>1210</strong></span> <span class='ocrx_word' id='word_1_196' title='bbox 1364 2014 1585 2087; x_wconf 80' lang='lat' dir='ltr'><strong>femina</strong></span> <span class='ocrx_word' id='word_1_197' title='bbox 1631 2017 1739 2071; x_wconf 86' lang='lat' dir='ltr'><strong>vim</strong></span> <span class='ocrx_word' id='word_1_198' title='bbox 1785 2017 1918 2070; x_wconf 82' lang='lat' dir='ltr'><strong>vicit</strong></span> <span class='ocrx_word' id='word_1_199' title='bbox 1960 2015 2148 2070; x_wconf 77' lang='lat' dir='ltr'><strong>subita</strong></span> <span class='ocrx_word' id='word_1_200' title='bbox 2193 2018 2265 2071; x_wconf 83' lang='lat' dir='ltr'><strong>vi.</strong></span> 
     </span>
    </p>

    <p class='ocr_par' dir='ltr' id='par_1_6' title="bbox 690 2095 2941 2256">
     <span class='ocr_line' id='line_1_21' title="bbox 856 2095 2941 2173; baseline -0.002 -19"><span class='ocrx_word' id='word_1_201' title='bbox 856 2098 956 2155; x_wconf 90' lang='grc'><strong>37.</strong></span> <span class='ocrx_word' id='word_1_202' title='bbox 1022 2114 1201 2154; x_wconf 90' lang='lat' dir='ltr'><strong>sermo</strong></span> <span class='ocrx_word' id='word_1_203' title='bbox 1246 2106 1308 2153; x_wconf 90' lang='lat' dir='ltr'><strong>ut</strong></span> <span class='ocrx_word' id='word_1_204' title='bbox 1352 2105 1478 2171; x_wconf 83' lang='lat' dir='ltr'><strong>puta</strong></span> <span class='ocrx_word' id='word_1_205' title='bbox 1524 2098 1590 2154; x_wconf 91' lang='lat' dir='ltr'><strong>de</strong></span> <span class='ocrx_word' id='word_1_206' title='bbox 1622 2098 1777 2154; x_wconf 80' lang='lat' dir='ltr'><strong>Aiace</strong></span> <span class='ocrx_word' id='word_1_207' title='bbox 1806 2098 1890 2153; x_wconf 85' lang='lat' dir='ltr'><strong>vel</strong></span> <span class='ocrx_word' id='word_1_208' title='bbox 1919 2097 2144 2155; x_wconf 86' lang='lat' dir='ltr'><strong>Iocasta.</strong></span> <span class='ocrx_word' id='word_1_209' title='bbox 2187 2130 2274 2141; x_wconf 94' lang='lat'><strong>—</strong></span> <span class='ocrx_word' id='word_1_210' title='bbox 2318 2101 2546 2157; x_wconf 83' lang='lat' dir='ltr'><strong>caelum</strong></span> <span class='ocrx_word' id='word_1_211' title='bbox 2589 2116 2688 2173; x_wconf 91' lang='lat' dir='ltr'><strong>pro</strong></span> <span class='ocrx_word' id='word_1_212' title='bbox 2718 2113 2845 2155; x_wconf 80' lang='lat' dir='ltr'><strong>aere</strong></span> <span class='ocrx_word' id='word_1_213' title='bbox 2872 2095 2941 2150; x_wconf 82' lang='lat' dir='ltr'><strong>vel</strong></span> 
     </span>
     <span class='ocr_line' id='line_1_22' title="bbox 690 2181 2078 2256; baseline -0.001 -16"><span class='ocrx_word' id='word_1_214' title='bbox 690 2185 927 2241; x_wconf 74' lang='lat' dir='ltr'><strong>aethere</strong></span> <span class='ocrx_word' id='word_1_215' title='bbox 973 2190 1033 2238; x_wconf 92' lang='lat' dir='ltr'><strong>ut</strong></span> <span class='ocrx_word' id='word_1_216' title='bbox 1076 2199 1256 2256; x_wconf 87' lang='lat' dir='ltr'><strong>saepe.</strong></span> <span class='ocrx_word' id='word_1_217' title='bbox 1344 2182 1491 2238; x_wconf 83' lang='lat' dir='ltr'><strong>Maro</strong></span> <span class='ocrx_word' id='word_1_218' title='bbox 1535 2199 1653 2238; x_wconf 90' lang='lat' dir='ltr'><strong>aen.</strong></span> <span class='ocrx_word' id='word_1_219' title='bbox 1699 2181 1785 2253; x_wconf 85' lang='lat' dir='ltr'><strong>vl,</strong></span> <span class='ocrx_word' id='word_1_220' title='bbox 1819 2181 1965 2253; x_wconf 86' lang='lat'>436,</span> <span class='ocrx_word' id='word_1_221' title='bbox 1999 2182 2078 2239; x_wconf 86' lang='lat'><strong>37</strong></span> 
     </span>
    </p>
   </div>
   <div class='ocr_carea' id='block_1_3' title="bbox 944 2309 2410 2471">
    <p class='ocr_par' dir='ltr' id='par_1_7' title="bbox 944 2309 2410 2471">
     <span class='ocr_line' id='line_1_23' title="bbox 1264 2309 2183 2383; baseline 0.003 -18"><span class='ocrx_word' id='word_1_222' title='bbox 1264 2326 1422 2383; x_wconf 88' lang='lat' dir='ltr'><strong>quam</strong></span> <span class='ocrx_word' id='word_1_223' title='bbox 1467 2309 1668 2368; x_wconf 88' lang='lat' dir='ltr'><strong>vellent</strong></span> <span class='ocrx_word' id='word_1_224' title='bbox 1710 2311 1930 2367; x_wconf 83' lang='lat' dir='ltr'><strong>aethere</strong></span> <span class='ocrx_word' id='word_1_225' title='bbox 1973 2313 2029 2367; x_wconf 90' lang='lat' dir='ltr'><strong>in</strong></span> <span class='ocrx_word' id='word_1_226' title='bbox 2074 2312 2183 2368; x_wconf 87' lang='lat' dir='ltr'><strong>alto</strong></span> 
     </span>
     <span class='ocr_line' id='line_1_24' title="bbox 944 2394 2410 2471; baseline 0.001 -19"><span class='ocrx_word' id='word_1_227' title='bbox 944 2412 1087 2452; x_wconf 91' lang='lat' dir='ltr'><strong>nunc</strong></span> <span class='ocrx_word' id='word_1_228' title='bbox 1131 2403 1185 2450; x_wconf 90' lang='lat' dir='ltr'><strong>et</strong></span> <span class='ocrx_word' id='word_1_229' title='bbox 1228 2394 1537 2470; x_wconf 86' lang='lat' dir='ltr'><strong>pauperiem</strong></span> <span class='ocrx_word' id='word_1_230' title='bbox 1583 2404 1637 2451; x_wconf 90' lang='lat' dir='ltr'><strong>et</strong></span> <span class='ocrx_word' id='word_1_231' title='bbox 1683 2394 1849 2452; x_wconf 88' lang='lat' dir='ltr'><strong>duros</strong></span> <span class='ocrx_word' id='word_1_232' title='bbox 1892 2397 2136 2471; x_wconf 81' lang='lat' dir='ltr'><strong>perferre</strong></span> <span class='ocrx_word' id='word_1_233' title='bbox 2179 2395 2410 2454; x_wconf 77' lang='lat' dir='ltr'><strong>labores,</strong></span> 
     </span>
    </p>
   </div>
   <div class='ocr_carea' id='block_1_4' title="bbox 688 2524 2951 3456">
    <p class='ocr_par' dir='ltr' id='par_1_8' title="bbox 689 2524 2946 2783">
     <span class='ocr_line' id='line_1_25' title="bbox 690 2524 2946 2609; baseline -0.003 -15"><span class='ocrx_word' id='word_1_234' title='bbox 690 2537 843 2594; x_wconf 82' lang='lat' dir='ltr'><strong>bibat</strong></span> <span class='ocrx_word' id='word_1_235' title='bbox 887 2552 986 2609; x_wconf 91' lang='lat' dir='ltr'><strong>pro</strong></span> <span class='ocrx_word' id='word_1_236' title='bbox 1031 2536 1270 2592; x_wconf 74' lang='lat' dir='ltr'><strong>hauriat</strong></span> <span class='ocrx_word' id='word_1_237' title='bbox 1301 2542 1362 2589; x_wconf 92' lang='lat' dir='ltr'><strong>ut</strong></span> <span class='ocrx_word' id='word_1_238' title='bbox 1392 2532 1647 2590; x_wconf 89' lang='lat' dir='ltr'><strong>Horatius</strong></span> <span class='ocrx_word' id='word_1_239' title='bbox 1692 2533 1826 2589; x_wconf 82' lang='lat' dir='ltr'><strong>dixit</strong></span> <span class='ocrx_word' id='word_1_240' title='bbox 1855 2524 2172 2608; x_wconf 65' lang='lat' dir='ltr'><strong>amphorae</strong></span> <span class='ocrx_word' id='word_1_241' title='bbox 2211 2533 2432 2606; x_wconf 80' lang='lat' dir='ltr'><strong>fumum</strong></span> <span class='ocrx_word' id='word_1_242' title='bbox 2464 2537 2657 2593; x_wconf 85' lang='lat' dir='ltr'><strong>bibere</strong></span> <span class='ocrx_word' id='word_1_243' title='bbox 2684 2539 2946 2593; x_wconf 78' lang='lat' dir='ltr'><strong>institutae</strong></span> 
     </span>
     <span class='ocr_line' id='line_1_26' title="bbox 689 2618 2944 2694; baseline -0.001 -17"><span class='ocrx_word' id='word_1_244' title='bbox 689 2629 745 2677; x_wconf 89' lang='lat' dir='ltr'><strong>et</strong></span> <span class='ocrx_word' id='word_1_245' title='bbox 788 2620 931 2675; x_wconf 89' lang='lat' dir='ltr'><strong>Maro</strong></span> <span class='ocrx_word' id='word_1_246' title='bbox 959 2623 1303 2694; x_wconf 74' lang='lat' dir='ltr'><strong>lonyumque</strong></span> <span class='ocrx_word' id='word_1_247' title='bbox 1331 2620 1557 2675; x_wconf 77' lang='lat' dir='ltr'><strong>bibebat</strong></span> <span class='ocrx_word' id='word_1_248' title='bbox 1587 2635 1869 2682; x_wconf 84' lang='lat' dir='ltr'><strong>amorem‚·</strong></span> <span class='ocrx_word' id='word_1_249' title='bbox 1910 2619 2052 2674; x_wconf 88' lang='lat' dir='ltr'><strong>idem</strong></span> <span class='ocrx_word' id='word_1_250' title='bbox 2083 2618 2207 2675; x_wconf 87' lang='lat' dir='ltr'><strong>alibi</strong></span> <span class='ocrx_word' id='word_1_251' title='bbox 2237 2623 2291 2675; x_wconf 84' lang='lat' dir='ltr'><strong>si</strong></span> <span class='ocrx_word' id='word_1_252' title='bbox 2317 2624 2570 2677; x_wconf 81' lang='lat' dir='ltr'><strong>vescitur</strong></span> <span class='ocrx_word' id='word_1_253' title='bbox 2599 2639 2749 2679; x_wconf 82' lang='lat' dir='ltr'><strong>aura</strong></span> <span class='ocrx_word' id='word_1_254' title='bbox 2776 2620 2944 2676; x_wconf 75' lang='lat' dir='ltr'><strong>aetbe-</strong></span> 
     </span>
     <span class='ocr_line' id='line_1_27' title="bbox 690 2702 2943 2783; baseline -0.001 -23"><span class='ocrx_word' id='word_1_255' title='bbox 690 2710 803 2762; x_wconf 83' lang='lat' dir='ltr'><strong>ria.</strong></span> <span class='ocrx_word' id='word_1_256' title='bbox 852 2733 933 2744; x_wconf 78' lang='lat'><strong>——</strong></span> <span class='ocrx_word' id='word_1_257' title='bbox 976 2712 1081 2761; x_wconf 89' lang='lat' dir='ltr'><strong>cet.</strong></span> <span class='ocrx_word' id='word_1_258' title='bbox 1115 2703 1294 2783; x_wconf 89' lang='lat' dir='ltr'><strong>ipsum</strong></span> <span class='ocrx_word' id='word_1_259' title='bbox 1338 2702 1472 2758; x_wconf 82' lang='lat' dir='ltr'><strong>iilud</strong></span> <span class='ocrx_word' id='word_1_260' title='bbox 1519 2706 1743 2760; x_wconf 83' lang='lat' dir='ltr'><strong>caelum</strong></span> <span class='ocrx_word' id='word_1_261' title='bbox 1787 2703 1977 2760; x_wconf 83' lang='lat' dir='ltr'><strong>bibere</strong></span> <span class='ocrx_word' id='word_1_262' title='bbox 2022 2702 2084 2760; x_wconf 83' lang='lat' dir='ltr'><strong>ut</strong></span> <span class='ocrx_word' id='word_1_263' title='bbox 2114 2704 2371 2759; x_wconf 85' lang='lat' dir='ltr'><strong>tumidius</strong></span> <span class='ocrx_word' id='word_1_264' title='bbox 2400 2705 2810 2778; x_wconf 86' lang='lat' dir='ltr'><strong>reprehenditur</strong></span> <span class='ocrx_word' id='word_1_265' title='bbox 2834 2704 2943 2759; x_wconf 84' lang='lat' dir='ltr'><strong>Luc.</strong></span> 
     </span>
    </p>

    <p class='ocr_par' dir='ltr' id='par_1_9' title="bbox 688 2787 2951 3456">
     <span class='ocr_line' id='line_1_28' title="bbox 860 2787 2948 2862; baseline -0.003 -16"><span class='ocrx_word' id='word_1_266' title='bbox 860 2788 959 2849; x_wconf 84' lang='lat'><strong>38.</strong></span> <span class='ocrx_word' id='word_1_267' title='bbox 1036 2788 1100 2843; x_wconf 91' lang='lat' dir='ltr'><strong>ad</strong></span> <span class='ocrx_word' id='word_1_268' title='bbox 1145 2788 1497 2844; x_wconf 84' lang='lat' dir='ltr'><strong>Philoctetam</strong></span> <span class='ocrx_word' id='word_1_269' title='bbox 1539 2790 1684 2844; x_wconf 83' lang='lat' dir='ltr'><strong>Accii</strong></span> <span class='ocrx_word' id='word_1_270' title='bbox 1719 2787 2002 2844; x_wconf 82' lang='lat' dir='ltr'><strong>commode</strong></span> <span class='ocrx_word' id='word_1_271' title='bbox 2042 2790 2173 2844; x_wconf 85' lang='lat' dir='ltr'><strong>haec</strong></span> <span class='ocrx_word' id='word_1_272' title='bbox 2214 2788 2539 2845; x_wconf 78' lang='lat' dir='ltr'><strong>referentur.</strong></span> <span class='ocrx_word' id='word_1_273' title='bbox 2583 2822 2668 2830; x_wconf 90' lang='lat'>—</span> <span class='ocrx_word' id='word_1_274' title='bbox 2707 2790 2792 2846; x_wconf 92' lang='grc'><strong>1113</strong></span> <span class='ocrx_word' id='word_1_275' title='bbox 2833 2803 2948 2862; x_wconf 83' lang='lat' dir='ltr'><strong>quae</strong></span> 
     </span>
     <span class='ocr_line' id='line_1_29' title="bbox 690 2872 2946 2949; baseline -0.002 -19"><span class='ocrx_word' id='word_1_276' title='bbox 690 2882 819 2930; x_wconf 91' lang='lat' dir='ltr'><strong>sunt</strong></span> <span class='ocrx_word' id='word_1_277' title='bbox 848 2872 1090 2946; x_wconf 80' lang='lat' dir='ltr'><strong>inperf.‚</strong></span> <span class='ocrx_word' id='word_1_278' title='bbox 1131 2874 1370 2942; x_wconf 82' lang='lat' dir='ltr'><strong>inbaln.‚</strong></span> <span class='ocrx_word' id='word_1_279' title='bbox 1401 2888 1501 2929; x_wconf 87' lang='lat' dir='ltr'><strong>nec</strong></span> <span class='ocrx_word' id='word_1_280' title='bbox 1530 2874 1708 2930; x_wconf 90' lang='lat' dir='ltr'><strong>minus</strong></span> <span class='ocrx_word' id='word_1_281' title='bbox 1739 2872 2120 2929; x_wconf 89' lang='lat' dir='ltr'><strong>abundantiam</strong></span> <span class='ocrx_word' id='word_1_282' title='bbox 2150 2872 2536 2947; x_wconf 80' lang='lat' dir='ltr'><strong>asyndetorum</strong></span> <span class='ocrx_word' id='word_1_283' title='bbox 2572 2874 2817 2949; x_wconf 88' lang='lat' dir='ltr'><strong>inprobat</strong></span> <span class='ocrx_word' id='word_1_284' title='bbox 2842 2874 2946 2929; x_wconf 84' lang='lat' dir='ltr'><strong>Luc.</strong></span> 
     </span>
     <span class='ocr_line' id='line_1_30' title="bbox 726 2957 2948 3033; baseline -0.002 -15"><span class='ocrx_word' id='word_1_285' title='bbox 726 3012 731 3018; x_wconf 79' lang='grc'>,</span> <span class='ocrx_word' id='word_1_286' title='bbox 862 2957 961 3014; x_wconf 89' lang='grc'><strong>39.</strong></span> <span class='ocrx_word' id='word_1_287' title='bbox 1035 2959 1218 3031; x_wconf 87' lang='lat' dir='ltr'><strong>inepte</strong></span> <span class='ocrx_word' id='word_1_288' title='bbox 1262 2957 1464 3013; x_wconf 90' lang='lat' dir='ltr'><strong>dictum</strong></span> <span class='ocrx_word' id='word_1_289' title='bbox 1506 2958 1641 3014; x_wconf 83' lang='lat' dir='ltr'><strong>illud</strong></span> <span class='ocrx_word' id='word_1_290' title='bbox 1689 2958 1888 3031; x_wconf 70' lang='lat' dir='ltr'><strong>frique</strong></span> <span class='ocrx_word' id='word_1_291' title='bbox 1932 2961 2166 3032; x_wconf 74' lang='lat' dir='ltr'><strong>exiyere</strong></span> <span class='ocrx_word' id='word_1_292' title='bbox 2210 2974 2312 3031; x_wconf 90' lang='lat' dir='ltr'><strong>pro</strong></span> <span class='ocrx_word' id='word_1_293' title='bbox 2357 2976 2423 3015; x_wconf 96' lang='grc'><strong>00</strong></span> <span class='ocrx_word' id='word_1_294' title='bbox 2471 2959 2617 3033; x_wconf 91' lang='lat' dir='ltr'><strong>quod</strong></span> <span class='ocrx_word' id='word_1_295' title='bbox 2663 2967 2745 3015; x_wconf 87' lang='lat' dir='ltr'><strong>est</strong></span> <span class='ocrx_word' id='word_1_296' title='bbox 2783 2958 2948 3031; x_wconf 82' lang='lat' dir='ltr'><strong>depel-</strong></span> 
     </span>
     <span class='ocr_line' id='line_1_31' title="bbox 688 3041 2948 3116; baseline -0.002 -16"><span class='ocrx_word' id='word_1_297' title='bbox 688 3046 814 3100; x_wconf 82' lang='lat' dir='ltr'><strong>lere</strong></span> <span class='ocrx_word' id='word_1_298' title='bbox 857 3043 1213 3115; x_wconf 88' lang='lat' dir='ltr'><strong>vituperatur.</strong></span> <span class='ocrx_word' id='word_1_299' title='bbox 1286 3043 1360 3097; x_wconf 87' lang='lat' dir='ltr'><strong>ita</strong></span> <span class='ocrx_word' id='word_1_300' title='bbox 1403 3043 1560 3098; x_wconf 89' lang='lat' dir='ltr'><strong>etiam</strong></span> <span class='ocrx_word' id='word_1_301' title='bbox 1591 3041 1926 3098; x_wconf 89' lang='lat' dir='ltr'><strong>subabsurde</strong></span> <span class='ocrx_word' id='word_1_302' title='bbox 1969 3042 2231 3099; x_wconf 84' lang='lat' dir='ltr'><strong>Pacuvius</strong></span> <span class='ocrx_word' id='word_1_303' title='bbox 2275 3041 2443 3099; x_wconf 87' lang='lat' dir='ltr'><strong>Iliona</strong></span> <span class='ocrx_word' id='word_1_304' title='bbox 2485 3046 2547 3100; x_wconf 76' lang='lat' dir='ltr'><strong>di</strong></span> <span class='ocrx_word' id='word_1_305' title='bbox 2580 3060 2666 3100; x_wconf 88' lang='lat' dir='ltr'><strong>me</strong></span> <span class='ocrx_word' id='word_1_306' title='bbox 2697 3048 2801 3102; x_wconf 82' lang='lat' dir='ltr'><strong>etsi</strong></span> <span class='ocrx_word' id='word_1_307' title='bbox 2827 3058 2948 3116; x_wconf 80' lang='lat' dir='ltr'><strong>per-</strong></span> 
     </span>
     <span class='ocr_line' id='line_1_32' title="bbox 692 3123 2948 3201; baseline -0.003 -16"><span class='ocrx_word' id='word_1_308' title='bbox 692 3130 854 3201; x_wconf 79' lang='lat' dir='ltr'><strong>dunt,</strong></span> <span class='ocrx_word' id='word_1_309' title='bbox 901 3134 1091 3184; x_wconf 79' lang='lat' dir='ltr'><strong>tamen</strong></span> <span class='ocrx_word' id='word_1_310' title='bbox 1136 3142 1262 3183; x_wconf 78' lang='lat' dir='ltr'><strong>esse</strong></span> <span class='ocrx_word' id='word_1_311' title='bbox 1308 3128 1563 3182; x_wconf 83' lang='lat' dir='ltr'><strong>adiutam</strong></span> <span class='ocrx_word' id='word_1_312' title='bbox 1609 3132 1890 3199; x_wconf 78' lang='lat' dir='ltr'><strong>expetunt</strong></span> <span class='ocrx_word' id='word_1_313' title='bbox 1935 3143 2036 3201; x_wconf 91' lang='lat' dir='ltr'><strong>pro</strong></span> <span class='ocrx_word' id='word_1_314' title='bbox 2084 3129 2295 3185; x_wconf 81' lang='lat' dir='ltr'><strong>volunt.</strong></span> <span class='ocrx_word' id='word_1_315' title='bbox 2341 3157 2423 3167; x_wconf 93' lang='lat'><strong>—</strong></span> <span class='ocrx_word' id='word_1_316' title='bbox 2469 3137 2526 3184; x_wconf 86' lang='lat' dir='ltr'><strong>et</strong></span> <span class='ocrx_word' id='word_1_317' title='bbox 2568 3129 2660 3185; x_wconf 90' lang='grc'><strong>1113</strong></span> <span class='ocrx_word' id='word_1_318' title='bbox 2713 3127 2861 3185; x_wconf 85' lang='lat' dir='ltr'><strong>verba</strong></span> <span class='ocrx_word' id='word_1_319' title='bbox 2895 3123 2948 3180; x_wconf 87' lang='lat' dir='ltr'><strong>ad</strong></span> 
     </span>
     <span class='ocr_line' id='line_1_33' title="bbox 692 3210 2949 3287; baseline -0.003 -17"><span class='ocrx_word' id='word_1_320' title='bbox 692 3210 1051 3270; x_wconf 86' lang='lat' dir='ltr'><strong>Philoctetam</strong></span> <span class='ocrx_word' id='word_1_321' title='bbox 1094 3218 1328 3284; x_wconf 90' lang='lat' dir='ltr'><strong>possunt</strong></span> <span class='ocrx_word' id='word_1_322' title='bbox 1370 3210 1594 3286; x_wconf 82' lang='lat' dir='ltr'><strong>referri,</strong></span> <span class='ocrx_word' id='word_1_323' title='bbox 1652 3210 1747 3267; x_wconf 91' lang='lat' dir='ltr'><strong>sed</strong></span> <span class='ocrx_word' id='word_1_324' title='bbox 1794 3219 1855 3267; x_wconf 90' lang='lat' dir='ltr'><strong>ut</strong></span> <span class='ocrx_word' id='word_1_325' title='bbox 1899 3214 2159 3267; x_wconf 89' lang='lat' dir='ltr'><strong>omissum</strong></span> <span class='ocrx_word' id='word_1_326' title='bbox 2202 3213 2275 3267; x_wconf 89' lang='lat' dir='ltr'><strong>sit</strong></span> <span class='ocrx_word' id='word_1_327' title='bbox 2317 3211 2474 3269; x_wconf 86' lang='lat' dir='ltr'><strong>Nonii</strong></span> <span class='ocrx_word' id='word_1_328' title='bbox 2530 3213 2686 3287; x_wconf 88' lang='lat' dir='ltr'><strong>culpa</strong></span> <span class='ocrx_word' id='word_1_329' title='bbox 2736 3212 2862 3268; x_wconf 90' lang='lat' dir='ltr'><strong>illud</strong></span> <span class='ocrx_word' id='word_1_330' title='bbox 2897 3226 2949 3266; x_wconf 84' lang='lat' dir='ltr'><strong>ex</strong></span> 
     </span>
     <span class='ocr_line' id='line_1_34' title="bbox 696 3293 2951 3371; baseline -0.001 -18"><span class='ocrx_word' id='word_1_331' title='bbox 696 3315 804 3371; x_wconf 91' lang='lat' dir='ltr'><strong>quo</strong></span> <span class='ocrx_word' id='word_1_332' title='bbox 850 3295 1172 3353; x_wconf 83' lang='lat' dir='ltr'><strong>constabant</strong></span> <span class='ocrx_word' id='word_1_333' title='bbox 1215 3296 1549 3352; x_wconf 85' lang='lat' dir='ltr'><strong>vestimenta.</strong></span> <span class='ocrx_word' id='word_1_334' title='bbox 1628 3312 1750 3352; x_wconf 89' lang='lat' dir='ltr'><strong>nam</strong></span> <span class='ocrx_word' id='word_1_335' title='bbox 1795 3293 2097 3353; x_wconf 84' lang='lat' dir='ltr'><strong>Philocteta</strong></span> <span class='ocrx_word' id='word_1_336' title='bbox 2140 3298 2307 3367; x_wconf 74' lang='lat' dir='ltr'><strong>Accii,</strong></span> <span class='ocrx_word' id='word_1_337' title='bbox 2351 3305 2412 3352; x_wconf 92' lang='lat' dir='ltr'><strong>ut</strong></span> <span class='ocrx_word' id='word_1_338' title='bbox 2455 3306 2542 3353; x_wconf 89' lang='lat' dir='ltr'><strong>est</strong></span> <span class='ocrx_word' id='word_1_339' title='bbox 2585 3296 2724 3371; x_wconf 89' lang='lat' dir='ltr'><strong>apud</strong></span> <span class='ocrx_word' id='word_1_340' title='bbox 2766 3296 2951 3353; x_wconf 88' lang='lat' dir='ltr'><strong>Cicero·</strong></span> 
     </span>
     <span class='ocr_line' id='line_1_35' title="bbox 694 3379 2948 3456; baseline -0.002 -19"><span class='ocrx_word' id='word_1_341' title='bbox 694 3399 818 3438; x_wconf 88' lang='lat' dir='ltr'><strong>nem</strong></span> <span class='ocrx_word' id='word_1_342' title='bbox 861 3382 928 3438; x_wconf 90' lang='lat' dir='ltr'><strong>de</strong></span> <span class='ocrx_word' id='word_1_343' title='bbox 974 3380 1065 3437; x_wconf 91' lang='lat' dir='ltr'><strong>fin.</strong></span> <span class='ocrx_word' id='word_1_344' title='bbox 1112 3380 1177 3452; x_wconf 81' lang='lat' dir='ltr'><strong>V,</strong></span> <span class='ocrx_word' id='word_1_345' title='bbox 1210 3382 1311 3453; x_wconf 87' lang='grc'><strong>11,</strong></span> <span class='ocrx_word' id='word_1_346' title='bbox 1343 3379 1423 3436; x_wconf 88' lang='grc'><strong>32</strong></span> <span class='ocrx_word' id='word_1_347' title='bbox 1467 3397 1765 3454; x_wconf 88' lang='lat' dir='ltr'><strong>pennarum</strong></span> <span class='ocrx_word' id='word_1_348' title='bbox 1810 3389 2071 3438; x_wconf 83' lang='lat' dir='ltr'><strong>contextu</strong></span> <span class='ocrx_word' id='word_1_349' title='bbox 2115 3383 2332 3455; x_wconf 88' lang='lat' dir='ltr'><strong>corpori</strong></span> <span class='ocrx_word' id='word_1_350' title='bbox 2358 3389 2691 3456; x_wconf 78' lang='lat' dir='ltr'><strong>‘tegumenta</strong></span> <span class='ocrx_word' id='word_1_351' title='bbox 2733 3380 2948 3438; x_wconf 77' lang='lat' dir='ltr'><strong>faciebat.</strong></span> 
     </span>
    </p>
   </div>
   <div class='ocr_carea' id='block_1_5' title="bbox 695 3464 2951 3625">
    <p class='ocr_par' dir='ltr' id='par_1_10' title="bbox 695 3464 2951 3625">
     <span class='ocr_line' id='line_1_36' title="bbox 863 3464 2951 3540; baseline -0.001 -19"><span class='ocrx_word' id='word_1_352' title='bbox 863 3465 965 3525; x_wconf 87' lang='grc'><strong>40.</strong></span> <span class='ocrx_word' id='word_1_353' title='bbox 1033 3467 1138 3522; x_wconf 88' lang='grc'><strong>1100</strong></span> <span class='ocrx_word' id='word_1_354' title='bbox 1166 3467 1330 3539; x_wconf 81' lang='lat' dir='ltr'><strong>srgm.</strong></span> <span class='ocrx_word' id='word_1_355' title='bbox 1363 3482 1485 3521; x_wconf 88' lang='lat' dir='ltr'><strong>eum</strong></span> <span class='ocrx_word' id='word_1_356' title='bbox 1529 3482 1645 3539; x_wconf 85' lang='lat' dir='ltr'><strong>seq.</strong></span> <span class='ocrx_word' id='word_1_357' title='bbox 1677 3474 1979 3540; x_wconf 81' lang='lat' dir='ltr'><strong>tanguntur</strong></span> <span class='ocrx_word' id='word_1_358' title='bbox 2022 3483 2229 3540; x_wconf 86' lang='lat' dir='ltr'><strong>poenae</strong></span> <span class='ocrx_word' id='word_1_359' title='bbox 2271 3465 2468 3522; x_wconf 89' lang='lat' dir='ltr'><strong>ducum</strong></span> <span class='ocrx_word' id='word_1_360' title='bbox 2497 3466 2836 3537; x_wconf 85' lang='lat' dir='ltr'><strong>Graecorum,</strong></span> <span class='ocrx_word' id='word_1_361' title='bbox 2876 3464 2951 3537; x_wconf 90' lang='lat' dir='ltr'><strong>qui</strong></span> 
     </span>
     <span class='ocr_line' id='line_1_37' title="bbox 695 3548 2951 3625; baseline -0.001 -19"><span class='ocrx_word' id='word_1_362' title='bbox 695 3558 1003 3624; x_wconf 83' lang='lat' dir='ltr'><strong>expugnata</strong></span> <span class='ocrx_word' id='word_1_363' title='bbox 1035 3551 1196 3605; x_wconf 85' lang='lat' dir='ltr'><strong>Troia</strong></span> <span class='ocrx_word' id='word_1_364' title='bbox 1225 3550 1452 3606; x_wconf 91' lang='lat' dir='ltr'><strong>deorum</strong></span> <span class='ocrx_word' id='word_1_365' title='bbox 1482 3551 1774 3606; x_wconf 85' lang='lat' dir='ltr'><strong>excitarant</strong></span> <span class='ocrx_word' id='word_1_366' title='bbox 1804 3551 1926 3605; x_wconf 76' lang='lat' dir='ltr'><strong>iras·</strong></span> <span class='ocrx_word' id='word_1_367' title='bbox 2001 3559 2231 3625; x_wconf 91' lang='lat' dir='ltr'><strong>potuere</strong></span> <span class='ocrx_word' id='word_1_368' title='bbox 2262 3567 2324 3606; x_wconf 89' lang='lat' dir='ltr'><strong>ea</strong></span> <span class='ocrx_word' id='word_1_369' title='bbox 2359 3559 2577 3625; x_wconf 88' lang='lat' dir='ltr'><strong>sumpta</strong></span> <span class='ocrx_word' id='word_1_370' title='bbox 2620 3568 2745 3608; x_wconf 83' lang='lat' dir='ltr'><strong>esse</strong></span> <span class='ocrx_word' id='word_1_371' title='bbox 2781 3567 2840 3606; x_wconf 79' lang='lat' dir='ltr'><strong>ex</strong></span> <span class='ocrx_word' id='word_1_372' title='bbox 2867 3548 2951 3604; x_wconf 88' lang='lat' dir='ltr'><strong>He·</strong></span> 
     </span>
    </p>
   </div>
   <div class='ocr_carea' id='block_1_6' title="bbox 695 3632 2954 3963">
    <p class='ocr_par' dir='ltr' id='par_1_11' title="bbox 695 3632 2954 3963">
     <span class='ocr_line' id='line_1_38' title="bbox 696 3632 2951 3708; baseline -0.001 -19"><span class='ocrx_word' id='word_1_373' title='bbox 696 3633 831 3689; x_wconf 89' lang='lat' dir='ltr'><strong>cuba</strong></span> <span class='ocrx_word' id='word_1_374' title='bbox 876 3634 1039 3690; x_wconf 87' lang='lat' dir='ltr'><strong>Accii.</strong></span> <span class='ocrx_word' id='word_1_375' title='bbox 1085 3664 1169 3673; x_wconf 88' lang='lat'>—</span> <span class='ocrx_word' id='word_1_376' title='bbox 1214 3638 1288 3706; x_wconf 78' lang='lat' dir='ltr'><strong>ei,</strong></span> <span class='ocrx_word' id='word_1_377' title='bbox 1334 3635 1477 3690; x_wconf 87' lang='lat' dir='ltr'><strong>Aiaci</strong></span> <span class='ocrx_word' id='word_1_378' title='bbox 1521 3635 1738 3691; x_wconf 89' lang='lat' dir='ltr'><strong>minori.</strong></span> <span class='ocrx_word' id='word_1_379' title='bbox 1784 3664 1867 3673; x_wconf 94' lang='lat'><strong>—-</strong></span> <span class='ocrx_word' id='word_1_380' title='bbox 1912 3638 1967 3690; x_wconf 87' lang='lat' dir='ltr'><strong>ei</strong></span> <span class='ocrx_word' id='word_1_381' title='bbox 2007 3633 2392 3708; x_wconf 83' lang='lat' dir='ltr'><strong>spondiacum;</strong></span> <span class='ocrx_word' id='word_1_382' title='bbox 2437 3635 2508 3692; x_wconf 86' lang='lat' dir='ltr'><strong>cf.</strong></span> <span class='ocrx_word' id='word_1_383' title='bbox 2556 3634 2612 3692; x_wconf 90' lang='lat' dir='ltr'><strong>d.</strong></span> <span class='ocrx_word' id='word_1_384' title='bbox 2654 3653 2701 3691; x_wconf 86' lang='lat' dir='ltr'><strong>r.</strong></span> <span class='ocrx_word' id='word_1_385' title='bbox 2734 3653 2801 3695; x_wconf 92' lang='lat' dir='ltr'><strong>m.</strong></span> <span class='ocrx_word' id='word_1_386' title='bbox 2832 3632 2951 3690; x_wconf 85' lang='grc'><strong>272.</strong></span> 
     </span>
     <span class='ocr_line' id='line_1_39' title="bbox 695 3717 2953 3792; baseline -0 -20"><span class='ocrx_word' id='word_1_387' title='bbox 695 3717 942 3773; x_wconf 85' lang='lat' dir='ltr'><strong>—illud</strong></span> <span class='ocrx_word' id='word_1_388' title='bbox 966 3725 1356 3790; x_wconf 79' lang='lat' dir='ltr'><strong>propelratur</strong></span> <span class='ocrx_word' id='word_1_389' title='bbox 1400 3718 1546 3792; x_wconf 91' lang='lat' dir='ltr'><strong>quod</strong></span> <span class='ocrx_word' id='word_1_390' title='bbox 1594 3719 1796 3792; x_wconf 87' lang='lat' dir='ltr'><strong>placuit</strong></span> <span class='ocrx_word' id='word_1_391' title='bbox 1827 3717 2034 3775; x_wconf 71' lang='lat' dir='ltr'><strong>Gitanio</strong></span> <span class='ocrx_word' id='word_1_392' title='bbox 2079 3720 2125 3774; x_wconf 90' lang='lat' dir='ltr'><strong>si</strong></span> <span class='ocrx_word' id='word_1_393' title='bbox 2169 3727 2318 3775; x_wconf 89' lang='lat' dir='ltr'><strong>recte</strong></span> <span class='ocrx_word' id='word_1_394' title='bbox 2349 3718 2528 3792; x_wconf 84' lang='lat' dir='ltr'><strong>habet,</strong></span> <span class='ocrx_word' id='word_1_395' title='bbox 2573 3720 2714 3776; x_wconf 87' lang='lat' dir='ltr'><strong>idem</strong></span> <span class='ocrx_word' id='word_1_396' title='bbox 2743 3720 2845 3776; x_wconf 81' lang='lat' dir='ltr'><strong>sere</strong></span> <span class='ocrx_word' id='word_1_397' title='bbox 2884 3724 2953 3773; x_wconf 83' lang='lat' dir='ltr'><strong>est</strong></span> 
     </span>
     <span class='ocr_line' id='line_1_40' title="bbox 698 3797 2952 3884; baseline -0.001 -26"><span class='ocrx_word' id='word_1_398' title='bbox 698 3801 846 3877; x_wconf 90' lang='lat' dir='ltr'><strong>quod</strong></span> <span class='ocrx_word' id='word_1_399' title='bbox 876 3805 1223 3875; x_wconf 78' lang='lat' dir='ltr'><strong>impetratur</strong></span> <span class='ocrx_word' id='word_1_400' title='bbox 1252 3803 1334 3858; x_wconf 90' lang='lat' dir='ltr'><strong>vel</strong></span> <span class='ocrx_word' id='word_1_401' title='bbox 1360 3810 1765 3882; x_wconf 79' lang='lat' dir='ltr'><strong>perpetratur,</strong></span> <span class='ocrx_word' id='word_1_402' title='bbox 1790 3819 1899 3859; x_wconf 91' lang='lat' dir='ltr'><strong>non</strong></span> <span class='ocrx_word' id='word_1_403' title='bbox 1931 3804 2079 3877; x_wconf 90' lang='lat' dir='ltr'><strong>quod</strong></span> <span class='ocrx_word' id='word_1_404' title='bbox 2109 3797 2246 3860; x_wconf 88' lang='lat' dir='ltr'><strong>dicit</strong></span> <span class='ocrx_word' id='word_1_405' title='bbox 2275 3803 2469 3859; x_wconf 90' lang='lat' dir='ltr'><strong>Paulus</strong></span> <span class='ocrx_word' id='word_1_406' title='bbox 2500 3803 2624 3861; x_wconf 93' lang='grc'><strong>227</strong></span> <span class='ocrx_word' id='word_1_407' title='bbox 2656 3806 2952 3884; x_wconf 63' lang='grc' dir='ltr'><strong>ηιαηάαζαν.</strong></span> 
     </span>
     <span class='ocr_line' id='line_1_41' title="bbox 699 3886 2954 3963; baseline -0.001 -20"><span class='ocrx_word' id='word_1_408' title='bbox 699 3917 776 3927; x_wconf 91' lang='grc'>-</span> <span class='ocrx_word' id='word_1_409' title='bbox 804 3905 961 3960; x_wconf 80' lang='lat' dir='ltr'><strong>pax,</strong></span> <span class='ocrx_word' id='word_1_410' title='bbox 1006 3893 1067 3943; x_wconf 90' lang='lat' dir='ltr'><strong>ut</strong></span> <span class='ocrx_word' id='word_1_411' title='bbox 1097 3904 1180 3960; x_wconf 91' lang='lat' dir='ltr'><strong>ap.</strong></span> <span class='ocrx_word' id='word_1_412' title='bbox 1215 3886 1507 3961; x_wconf 80' lang='lat' dir='ltr'><strong>VergiIium</strong></span> <span class='ocrx_word' id='word_1_413' title='bbox 1539 3905 1655 3944; x_wconf 89' lang='lat' dir='ltr'><strong>aen.</strong></span> <span class='ocrx_word' id='word_1_414' title='bbox 1703 3887 1789 3944; x_wconf 92' lang='lat' dir='ltr'><strong>IIIl</strong></span> <span class='ocrx_word' id='word_1_415' title='bbox 1816 3891 2107 3961; x_wconf 82' lang='lat' dir='ltr'><strong>principio</strong></span> <span class='ocrx_word' id='word_1_416' title='bbox 2136 3890 2378 3945; x_wconf 83' lang='lat' dir='ltr'><strong>delubra</strong></span> <span class='ocrx_word' id='word_1_417' title='bbox 2411 3891 2626 3946; x_wconf 78' lang='lat' dir='ltr'><strong>adeunt</strong></span> <span class='ocrx_word' id='word_1_418' title='bbox 2665 3902 2954 3963; x_wconf 81' lang='lat' dir='ltr'><strong>pacemque</strong></span> 
     </span>
    </p>
   </div>
   <div class='ocr_carea' id='block_1_7' title="bbox 690 3973 3017 4048">
    <p class='ocr_par' dir='ltr' id='par_1_12' title="bbox 690 3973 3017 4048">
     <span class='ocr_line' id='line_1_42' title="bbox 690 3973 3017 4048; baseline -0.001 -19"><span class='ocrx_word' id='word_1_419' title='bbox 690 3989 806 4046; x_wconf 82' lang='lat' dir='ltr'><strong>per</strong></span> <span class='ocrx_word' id='word_1_420' title='bbox 849 3989 994 4029; x_wconf 81' lang='lat' dir='ltr'><strong>aras</strong></span> <span class='ocrx_word' id='word_1_421' title='bbox 1037 3975 1383 4045; x_wconf 80' lang='lat' dir='ltr'><strong>exquirunt,-</strong></span> <span class='ocrx_word' id='word_1_422' title='bbox 1426 3981 1482 4028; x_wconf 90' lang='lat' dir='ltr'><strong>et</strong></span> <span class='ocrx_word' id='word_1_423' title='bbox 1512 3974 1583 4028; x_wconf 90' lang='lat' dir='ltr'><strong>ita</strong></span> <span class='ocrx_word' id='word_1_424' title='bbox 1612 3990 1791 4048; x_wconf 87' lang='lat' dir='ltr'><strong>saepe.</strong></span> <span class='ocrx_word' id='word_1_425' title='bbox 1836 4003 1921 4013; x_wconf 93' lang='lat'><strong>—-</strong></span> <span class='ocrx_word' id='word_1_426' title='bbox 1964 3973 2056 4029; x_wconf 86' lang='lat' dir='ltr'><strong>illa</strong></span> <span class='ocrx_word' id='word_1_427' title='bbox 2101 3989 2210 4030; x_wconf 84' lang='lat' dir='ltr'><strong>nec</strong></span> <span class='ocrx_word' id='word_1_428' title='bbox 2240 3977 2467 4032; x_wconf 83' lang='lat' dir='ltr'><strong>minima</strong></span> <span class='ocrx_word' id='word_1_429' title='bbox 2500 3977 2556 4031; x_wconf 84' lang='lat' dir='ltr'><strong>ei</strong></span> <span class='ocrx_word' id='word_1_430' title='bbox 2587 3977 2956 4048; x_wconf 81' lang='lat' dir='ltr'><strong>prosperatur</strong></span> <span class='ocrx_word' id='word_1_431' title='bbox 3008 4015 3017 4026; x_wconf 79' lang='lat'><strong>.</strong></span> 
     </span>
    </p>
   </div>
   <div class='ocr_carea' id='block_1_8' title="bbox 690 4055 2954 4391">
    <p class='ocr_par' dir='ltr' id='par_1_13' title="bbox 690 4055 1462 4132">
     <span class='ocr_line' id='line_1_43' title="bbox 690 4055 1462 4132; baseline -0.001 -18"><span class='ocrx_word' id='word_1_432' title='bbox 690 4076 826 4132; x_wconf 83' lang='lat' dir='ltr'><strong>pax</strong></span> <span class='ocrx_word' id='word_1_433' title='bbox 869 4056 1194 4132; x_wconf 82' lang='lat' dir='ltr'><strong>displicuere</strong></span> <span class='ocrx_word' id='word_1_434' title='bbox 1239 4055 1462 4113; x_wconf 79' lang='lat' dir='ltr'><strong>Luciliu.</strong></span> 
     </span>
    </p>

    <p class='ocr_par' dir='ltr' id='par_1_14' title="bbox 700 4142 2954 4391">
     <span class='ocr_line' id='line_1_44' title="bbox 869 4142 2954 4217; baseline -0.001 -18"><span class='ocrx_word' id='word_1_435' title='bbox 869 4142 970 4199; x_wconf 90' lang='grc'><strong>41.</strong></span> <span class='ocrx_word' id='word_1_436' title='bbox 1043 4146 1337 4216; x_wconf 74' lang='lat' dir='ltr'><strong>coniuyem</strong></span> <span class='ocrx_word' id='word_1_437' title='bbox 1381 4158 1429 4198; x_wconf 93' lang='lat' dir='ltr'><strong>e.</strong></span> <span class='ocrx_word' id='word_1_438' title='bbox 1464 4160 1516 4216; x_wconf 92' lang='lat' dir='ltr'><strong>q.</strong></span> <span class='ocrx_word' id='word_1_439' title='bbox 1549 4159 1592 4197; x_wconf 87' lang='lat' dir='ltr'><strong>S.</strong></span> <span class='ocrx_word' id='word_1_440' title='bbox 1640 4142 1706 4197; x_wconf 89' lang='lat' dir='ltr'><strong>ad</strong></span> <span class='ocrx_word' id='word_1_441' title='bbox 1751 4143 2207 4216; x_wconf 85' lang='lat' dir='ltr'><strong>Agamemnonem</strong></span> <span class='ocrx_word' id='word_1_442' title='bbox 2253 4144 2385 4200; x_wconf 87' lang='lat' dir='ltr'><strong>haec</strong></span> <span class='ocrx_word' id='word_1_443' title='bbox 2424 4145 2715 4217; x_wconf 77' lang='lat' dir='ltr'><strong>pertinent.</strong></span> <span class='ocrx_word' id='word_1_444' title='bbox 2760 4174 2838 4185; x_wconf 91' lang='lat'><strong>—-</strong></span> <span class='ocrx_word' id='word_1_445' title='bbox 2874 4157 2954 4200; x_wconf 86' lang='lat' dir='ltr'><strong>cur</strong></span> 
     </span>
     <span class='ocr_line' id='line_1_45' title="bbox 700 4226 2953 4303; baseline -0.001 -18"><span class='ocrx_word' id='word_1_446' title='bbox 700 4227 1124 4302; x_wconf 87' lang='lat' dir='ltr'><strong>reprehenderet</strong></span> <span class='ocrx_word' id='word_1_447' title='bbox 1160 4226 1399 4284; x_wconf 89' lang='lat' dir='ltr'><strong>Lucilius</strong></span> <span class='ocrx_word' id='word_1_448' title='bbox 1442 4228 1497 4282; x_wconf 90' lang='lat' dir='ltr'><strong>in</strong></span> <span class='ocrx_word' id='word_1_449' title='bbox 1541 4243 1699 4284; x_wconf 82' lang='lat' dir='ltr'><strong>causa</strong></span> <span class='ocrx_word' id='word_1_450' title='bbox 1744 4228 1896 4286; x_wconf 81' lang='lat' dir='ltr'><strong>suere</strong></span> <span class='ocrx_word' id='word_1_451' title='bbox 1927 4228 2031 4283; x_wconf 88' lang='lat' dir='ltr'><strong>ista</strong></span> <span class='ocrx_word' id='word_1_452' title='bbox 2068 4230 2330 4301; x_wconf 80' lang='lat' dir='ltr'><strong>flacilam</strong></span> <span class='ocrx_word' id='word_1_453' title='bbox 2366 4229 2673 4302; x_wconf 80' lang='lat' dir='ltr'><strong>familiam,</strong></span> <span class='ocrx_word' id='word_1_454' title='bbox 2716 4234 2953 4303; x_wconf 77' lang='lat' dir='ltr'><strong>inpurum</strong></span> 
     </span>
     <span class='ocr_line' id='line_1_46' title="bbox 700 4310 2952 4391; baseline 0 -21"><span class='ocrx_word' id='word_1_455' title='bbox 700 4315 942 4387; x_wconf 84' lang='lat' dir='ltr'><strong>domum,</strong></span> <span class='ocrx_word' id='word_1_456' title='bbox 986 4329 1123 4386; x_wconf 89' lang='lat' dir='ltr'><strong>quae</strong></span> <span class='ocrx_word' id='word_1_457' title='bbox 1168 4310 1306 4369; x_wconf 85' lang='lat' dir='ltr'><strong>infra</strong></span> <span class='ocrx_word' id='word_1_458' title='bbox 1353 4312 1666 4386; x_wconf 82' lang='lat' dir='ltr'><strong>tragoediae</strong></span> <span class='ocrx_word' id='word_1_459' title='bbox 1710 4313 2030 4386; x_wconf 84' lang='lat' dir='ltr'><strong>dignitatem</strong></span> <span class='ocrx_word' id='word_1_460' title='bbox 2074 4313 2124 4368; x_wconf 92' lang='lat' dir='ltr'><strong>ei</strong></span> <span class='ocrx_word' id='word_1_461' title='bbox 2166 4314 2346 4386; x_wconf 89' lang='lat' dir='ltr'><strong>posita</strong></span> <span class='ocrx_word' id='word_1_462' title='bbox 2375 4329 2495 4369; x_wconf 88' lang='lat' dir='ltr'><strong>esse</strong></span> <span class='ocrx_word' id='word_1_463' title='bbox 2540 4315 2861 4391; x_wconf 76' lang='lat' dir='ltr'><strong>videbantur.</strong></span> <span class='ocrx_word' id='word_1_464' title='bbox 2891 4339 2952 4352; x_wconf 89' lang='lat'>-</span> 
     </span>
    </p>
   </div>
   <div class='ocr_carea' id='block_1_9' title="bbox 3124 731 3182 4971">
    <p class='ocr_par' dir='ltr' id='par_1_15' title="bbox 3124 731 3182 4971">
     <span class='ocr_line' id='line_1_47' title="bbox 3124 731 3182 4971; baseline 0 0"><span class='ocrx_word' id='word_1_465' title='bbox 3124 731 3182 4971; x_wconf 95' lang='lat' dir='ltr'><strong> </strong></span> 
     </span>
    </p>
   </div>
  </div>
 </body>
</html>
