3267 5075
634 378 718 442 10
1549 374 1770 430 LIBER
1804 376 1871 430 II.
1908 375 2000 430 ΠΙ.

1627 537 1783 603 XIX
1828 539 1925 621 [3]

794 718 837 727 -
860 704 1176 726 υυυυυυ
1229 677 1390 741 quae
1434 654 1611 720 horis
1661 654 1918 719 sublata
1961 653 2208 718 duabus

712 769 717 775 ’
808 771 1027 837 omnia
1072 774 1224 835 sunt
1268 772 1403 837 sole
1448 792 1676 836 occaso
1723 770 2124 856 obductoque
2168 813 2259 832 ..-
2278 815 2314 833 c

1713 884 1836 950 XX

675 1002 764 1067 30
807 1046 995 1096 ··.“⁹·
1039 987 1302 1067 fandam
1348 1005 1538 1087 atque
1586 1001 1872 1066 auditam
1916 999 2273 1066 iterabimu'
2320 1000 2577 1066 famam.

1669 1116 1875 1199 [XXI]

810 1235 833 1314 [
838 1280 1207 1303 ννννννν
1259 1254 1373 1316 per
1416 1233 1745 1317 inhospita
1789 1235 2019 1318 tesqua
2062 1235 2408 1317 vagantem

806 1370 1020 1413 rerum
1066 1348 1280 1413 animo
1328 1349 1615 1433 sequitur
1659 1351 1994 1432 captarum
2039 1348 2249 1434 gratia
2292 1348 2541 1429 maior}

1562 1462 1801 1547 [XXII]
1851 1465 1991 1545 [19]

805 1579 1079 1670 [ducere
1107 1578 1225 1643 has
1272 1582 1528 1666 greges]

1517 1885 1845 1958 LIBER
1915 1884 2044 1956 ΠΙ.

1509 2076 1543 2141 Ι
1590 2079 1657 2160 [l.
1703 2076 1802 2141 HI
1844 2078 1958 2158 in.]
2007 2100 2047 2142 a

809 2193 1045 2278 Porph.
1104 2193 1184 2257 ad
1236 2192 1393 2258 Hor.
1450 2197 1567 2258 sat.
1620 2194 1671 2278 Ι,
1719 2193 1778 2278 5,
1830 2194 1884 2259 l.
1982 2192 2228 2258 Lucilio
2283 2193 2405 2259 hac
2462 2193 2661 2257 satira
2715 2214 2941 2257 aemu-

630 2310 803 2374 latur
846 2308 1157 2404 Horatius
1209 2310 1333 2373 iter
1389 2332 1575 2374 suum
1630 2333 1671 2374 a
1715 2308 1923 2376 Roma
1975 2308 2392 2374 Brundisium
2448 2330 2647 2393 usque
2696 2307 2942 2374 descri-
3005 2349 3010 2352 -

631 2425 809 2509 benS,
855 2424 1024 2513 quod
1061 2427 1127 2488 et
1168 2425 1275 2489 ille
1311 2425 1382 2488 in
1424 2426 1617 2490 tertio
1656 2426 1821 2491 libro
1859 2425 2036 2510 fecit3
2082 2426 2290 2509 primo
2329 2448 2368 2490 a
2402 2423 2612 2489 Roma
2640 2422 2940 2509 Capuam

633 2565 835 2627 usque
883 2545 948 2606 et
991 2542 1141 2606 inde
1186 2541 1424 2606 fretum
1472 2540 1818 2607 Siciliense.

636 2757 693 2807 11
728 2771 831 2806 om.
867 2757 1058 2821 Neap.,
1095 2756 1130 2806 1.
1164 2754 1251 2805 XI
1288 2756 1485 2806 tribuit
1521 2756 1611 2816 D).
1750 2755 1881 2805 xlx
1939 2754 2251 2805 Priscianus
2287 2754 2387 2806 869
2424 2755 2614 2805 occido
2654 2770 2942 2806 occasus

633 2818 664 2875 ὁ
691 2819 875 2883 δύνας
898 2851 966 2861 -
990 2823 1295 2875 Lucilius
1330 2820 1615 2885 (Lucius
1642 2820 1826 2889 Sanga,
1851 2822 2045 2886 Lugd.,
2071 2820 2298 2873 Carolir.
2319 2826 2376 2872 et
2401 2827 2463 2873 ut
2485 2828 2646 2887 putat
2670 2823 2941 2874 Hertzius

638 2893 798 2944 Paris
824 2894 959 2944 ‘1496
995 2908 1061 2942 m.
1088 2889 1194 2957 pr.)
1230 2892 1288 2941 in
1322 2892 1379 2942 11
1417 2891 1515 2954 (in
1552 2892 1616 2941 11
1656 2907 1757 2941 om.
1799 2889 2001 2955 Sang.).
2122 2890 2226 2939 XX
2261 2890 2432 2942 schol.
2467 2892 2668 2942 Veron.
2699 2890 2777 2940 *ad
2807 2907 2940 2942 aen.

634 2961 714 3022 11,
748 2962 811 3011 81
873 2960 1068 3010 fando
1122 2958 1394 3024 aliquod
1438 2959 1496 3009 si
1541 2959 1717 3010 forte
1763 2965 1912 3011 tuas
1957 2959 2264 3023 pervenit
2306 2959 2385 3008 ad
2430 2973 2623 3010 aures
2656 2959 2941 3010 Belidae

634 3043 860 3080 nomen
904 3026 1303 3078 Palamedis:
1342 3054 1405 3064 —-
1443 3033 1498 3078 et
1531 3028 1802 3078 Pacuvius
1840 3053 1905 3064 --
1937 3026 2243 3077 Lucilius
2285 3026 2344 3076 in
2381 3026 2433 3076 11
2471 3054 2537 3062 —-
2575 3023 2781 3093 [itaque
2817 3025 2935 3092 hic]

636 3095 888 3162 patiendi
922 3095 1048 3157 vim,
1086 3110 1196 3146 non
1220 3094 1421 3159 agendi
1442 3094 1622 3145 habet.
1734 3092 1907 3161 [XXI]
1944 3095 2205 3145 Bar-thius
2236 3094 2443 3145 advers.
2480 3094 2597 3158 XV,
2624 3098 2656 3145 3
2693 3094 2761 3144 ad
2798 3095 2940 3149 Hor.

638 3165 800 3230 epist.
835 3164 882 3226 1,
923 3166 1001 3222 14,
1040 3165 1104 3214 19
1139 3162 1353 3213 deserta
1395 3167 1453 3214 et
1486 3162 1771 3229 inhospita
1804 3168 2013 3229 tesqua.
2090 3163 2151 3212 in
2197 3162 2384 3213 codice
2431 3176 2586 3227 quem
2632 3162 2724 3212 hic
2769 3160 2942 3214 laudo

636 3230 779 3297 (eum
822 3232 983 3283 initio
1040 3230 1238 3296 capitis
1285 3231 1419 3281 dicit
1461 3232 1893 3283 vetustissimum
1928 3230 2315 3297 fragmentum)
2360 3230 2741 3296 interpretatio
2777 3231 2940 3283 vocis

636 3305 832 3366 tesqua
865 3305 949 3351 est
986 3315 1110 3350 cum
1144 3298 1388 3363 exemplo
1424 3313 1490 3348 ex
1525 3299 1782 3350 Lucilii
1817 3299 1959 3349 libro
1981 3298 2055 3360 11,
2096 3313 2234 3364 quae
2267 3313 2369 3364 ego
2394 3303 2630 3364 utraque
2663 3313 2776 3349 non
2799 3314 2939 3348 con-

637 3369 919 3418 temnenda
950 3367 1166 3433 putavi:
1205 3372 1397 3432 tesqua
1430 3365 1553 3417 loca
1576 3366 1814 3429 inutilia,
1852 3382 1989 3433 quae
2026 3367 2209 3432 subigi
2239 3382 2350 3416 non
2381 3374 2632 3431 possunt.
2690 3365 2941 3431 loquitur

636 3436 695 3485 in
717 3435 977 3486 villicum.
1043 3434 1351 3486 Lucilius
1387 3435 1446 3484 in
1485 3436 1553 3489 11.
1650 3432 1847 3502 [XXII]
1886 3434 2047 3488 Char.
2078 3437 2142 3486 72
2181 3439 2423 3485 ceterum
2458 3433 2716 3485 feminina
2752 3434 2943 3485 omnia

636 3501 1013 3566 monosyllaba
1049 3506 1175 3553 sunt
1211 3506 1438 3569 excepto
1474 3516 1639 3567 grege
1673 3509 1729 3554 et
1763 3517 1922 3568 rege3
1961 3517 2190 3569 quorum
2223 3502 2457 3553 alterum
2491 3518 2556 3552 ex
2590 3502 2806 3554 diverso
2844 3517 2941 3566 ge·

637 3586 763 3622 nere
787 3573 1025 3622 constat.
1081 3586 1208 3620 nam
1231 3570 1537 3622 Lucilius
1563 3572 1622 3621 in
1648 3572 1701 3622 11
1738 3571 1981 3623 ducere
2016 3570 2137 3622 has
2174 3584 2418 3636 greges
2451 3570 2710 3622 feminino
2735 3584 2937 3634 genere

637 3640 794 3690 dixit.
865 3637 1153 3703 legendum
1188 3654 1310 3691 esse
1343 3639 1709 3690 Lucretius
1745 3639 1813 3689 in
1852 3639 1905 3689 11
1948 3638 2390 3704 buceriaeque
2436 3653 2676 3705 greges
2719 3639 2941 3689 monuit

636 3706 825 3759 Lchm.
867 3722 912 3757 c.
951 3708 1113 3757 Lucr.
1154 3709 1264 3761 112.
1335 3707 1453 3759 eius
1491 3711 1640 3758 recte
1677 3707 1916 3757 referunt
1950 3721 2143 3758 nomen
2177 3711 2233 3756 et
2265 3705 2430 3758 verba
2453 3707 2593 3757 Non.
2617 3709 2685 3758 80
2721 3711 2778 3757 et
2813 3709 2941 3770 208,

639 3774 801 3825 Char.
840 3775 922 3837 72,
959 3773 1177 3828 Servius
1213 3775 1282 3824 ad
1316 3789 1499 3841 georg.
1534 3776 1637 3839 111,
1674 3778 1790 3826 287.

812 4008 890 4066 28
937 4004 973 4083 ᾇ
1012 4006 1076 4063 ab
1122 4007 1269 4063 horis
1316 4007 1528 4082 Sany„
1576 4008 1686 4063 oris
1731 4004 1908 4064 Paris
1953 4005 2136 4065 7496.
2299 4005 2377 4064 29
2424 3988 2553 4063 sunt
2597 4024 2703 4063 om.
2749 4008 2939 4081 Luqd.

639 4160 723 4173 -——
778 4144 1027 4186 occasum
1089 4127 1227 4184 Par.
1289 4123 1452 4185 7496
1505 4145 1577 4183 m.
1641 4127 1709 4197 1,
1766 4097 1995 4184 occtlsso
2028 4126 2272 4184 Carolir.
2307 4156 2390 4168 —
2421 4124 2768 4199 obductoque
2797 4126 2936 4198 Dp„

636 4215 913 4288 ductoque
953 4213 1105 4269 libri.
1155 4242 1229 4252 —
1276 4213 1422 4268 illud
1464 4209 1700 4268 tenebris
1747 4214 1827 4269 ad
1868 4214 2026 4283 expl.
2073 4216 2236 4268 metr.
2293 4215 2351 4268 in
2393 4213 2512 4289 75⁷²,ss
2551 4211 2944 4282 probabiliter

638 4300 801 4357 addit·
838 4301 1001 4357 idem.
1163 4297 1246 4355 30
1290 4296 1483 4352 samam
1526 4296 1768 4367 Remus,
1816 4301 1918 4371 qui
1959 4304 2016 4353 et
2059 4299 2285 4371 reliqua
2334 4299 2621 4368 supplevit
2633 4319 2652 4358 ,·
2698 4293 2733 4350 s.
2769 4337 2782 4351 .
2819 4337 2831 4349 .

640 4386 730 4445 cd.
906 4382 983 4441 31
1034 4383 1268 4456 inospita
1312 4381 1617 4438 Bartkius.
