<?xml version="1.0" encoding="UTF-8"?>
<!DOCTYPE html PUBLIC "-//W3C//DTD XHTML 1.0 Transitional//EN"
    "http://www.w3.org/TR/xhtml1/DTD/xhtml1-transitional.dtd">
<html xmlns="http://www.w3.org/1999/xhtml" xml:lang="en" lang="en">
 <head>
  <title>
</title>
<meta http-equiv="Content-Type" content="text/html;charset=utf-8" />
  <meta name='ocr-system' content='tesseract 3.04.00' />
  <meta name='ocr-capabilities' content='ocr_page ocr_carea ocr_par ocr_line ocrx_word'/>
</head>
<body>
  <div class='ocr_page' id='page_1' title='image "./clucilisaturaru00mlgoog_0277.png"; bbox 0 0 3267 5075; ppageno 0'>
   <div class='ocr_carea' id='block_1_1' title="bbox 974 425 2579 502">
    <p class='ocr_par' dir='ltr' id='par_1_1' title="bbox 974 425 2579 502">
     <span class='ocr_line' id='line_1_1' title="bbox 974 425 2579 502; baseline 0.009 -14"><span class='ocrx_word' id='word_1_1' title='bbox 974 425 1425 493; x_wconf 75' lang='lat' dir='ltr'><strong>TEsTmoNIA</strong></span> <span class='ocrx_word' id='word_1_2' title='bbox 1459 428 1556 491; x_wconf 80' lang='lat' dir='ltr'><strong>DE</strong></span> <span class='ocrx_word' id='word_1_3' title='bbox 1595 428 1903 494; x_wconf 72' lang='lat' dir='ltr'><strong>memo,</strong></span> <span class='ocrx_word' id='word_1_4' title='bbox 2456 429 2579 502; x_wconf 78' lang='lat'><strong>177</strong></span> 
     </span>
    </p>
   </div>
   <div class='ocr_carea' id='block_1_2' title="bbox 305 596 2549 4488">
    <p class='ocr_par' dir='ltr' id='par_1_2' title="bbox 471 596 2206 1027">
     <span class='ocr_line' id='line_1_2' title="bbox 474 596 2206 694; baseline 0.001 -31"><span class='ocrx_word' id='word_1_5' title='bbox 474 596 561 665; x_wconf 89' lang='lat' dir='ltr'><strong>sit</strong></span> <span class='ocrx_word' id='word_1_6' title='bbox 605 599 835 663; x_wconf 91' lang='lat' dir='ltr'><strong>melius</strong></span> <span class='ocrx_word' id='word_1_7' title='bbox 845 650 862 682; x_wconf 89' lang='lat'><em>‚</em></span> <span class='ocrx_word' id='word_1_8' title='bbox 910 619 1134 694; x_wconf 87' lang='lat' dir='ltr'><strong>causas</strong></span> <span class='ocrx_word' id='word_1_9' title='bbox 1181 599 1401 671; x_wconf 86' lang='lat' dir='ltr'><strong>reddet</strong></span> <span class='ocrx_word' id='word_1_10' title='bbox 1444 600 1591 683; x_wconf 83' lang='lat' dir='ltr'><strong>tibi3</strong></span> <span class='ocrx_word' id='word_1_11' title='bbox 1640 600 1730 664; x_wconf 83' lang='lat' dir='ltr'><strong>mi</strong></span> <span class='ocrx_word' id='word_1_12' title='bbox 1776 599 1933 665; x_wconf 87' lang='lat' dir='ltr'><strong>satis</strong></span> <span class='ocrx_word' id='word_1_13' title='bbox 1980 604 2103 685; x_wconf 87' lang='lat' dir='ltr'><strong>est,</strong></span> <span class='ocrx_word' id='word_1_14' title='bbox 2152 602 2206 665; x_wconf 91' lang='lat' dir='ltr'><strong>si</strong></span> 
     </span>
     <span class='ocr_line' id='line_1_3' title="bbox 471 714 2205 801; baseline 0.001 -23"><span class='ocrx_word' id='word_1_15' title='bbox 471 716 781 779; x_wconf 87' lang='lat' dir='ltr'><strong>traditum</strong></span> <span class='ocrx_word' id='word_1_16' title='bbox 829 715 910 778; x_wconf 89' lang='lat' dir='ltr'><strong>ab</strong></span> <span class='ocrx_word' id='word_1_17' title='bbox 959 714 1239 799; x_wconf 74' lang='lat' dir='ltr'><strong>antiquis</strong></span> <span class='ocrx_word' id='word_1_18' title='bbox 1286 737 1529 779; x_wconf 89' lang='lat' dir='ltr'><strong>morem</strong></span> <span class='ocrx_word' id='word_1_19' title='bbox 1576 737 1829 780; x_wconf 88' lang='lat' dir='ltr'><strong>servare</strong></span> <span class='ocrx_word' id='word_1_20' title='bbox 1874 719 2205 801; x_wconf 86' lang='lat' dir='ltr'><strong>tuamque,</strong></span> 
     </span>
     <span class='ocr_line' id='line_1_4' title="bbox 475 829 2051 916; baseline 0.001 -22"><span class='ocrx_word' id='word_1_21' title='bbox 475 830 627 894; x_wconf 90' lang='lat' dir='ltr'><strong>dum</strong></span> <span class='ocrx_word' id='word_1_22' title='bbox 675 829 956 893; x_wconf 90' lang='lat' dir='ltr'><strong>custodis</strong></span> <span class='ocrx_word' id='word_1_23' title='bbox 1005 849 1154 913; x_wconf 85' lang='lat' dir='ltr'><strong>eges</strong></span> <span class='ocrx_word' id='word_1_24' title='bbox 1164 880 1180 911; x_wconf 93' lang='lat'>‚</span> <span class='ocrx_word' id='word_1_25' title='bbox 1226 830 1428 894; x_wconf 84' lang='lat' dir='ltr'><strong>vitam</strong></span> <span class='ocrx_word' id='word_1_26' title='bbox 1472 830 1838 916; x_wconf 82' lang='lat' dir='ltr'><strong>famamque</strong></span> <span class='ocrx_word' id='word_1_27' title='bbox 1883 831 2051 896; x_wconf 88' lang='lat' dir='ltr'><strong>tueri</strong></span> 
     </span>
     <span class='ocr_line' id='line_1_5' title="bbox 472 945 2144 1027; baseline 0.001 -19"><span class='ocrx_word' id='word_1_28' title='bbox 472 945 857 1008; x_wconf 91' lang='lat' dir='ltr'><strong>incolumem</strong></span> <span class='ocrx_word' id='word_1_29' title='bbox 903 965 1195 1027; x_wconf 74' lang='lat' dir='ltr'><strong>possum3</strong></span> <span class='ocrx_word' id='word_1_30' title='bbox 1243 945 1433 1008; x_wconf 91' lang='lat' dir='ltr'><strong>simul</strong></span> <span class='ocrx_word' id='word_1_31' title='bbox 1478 967 1552 1009; x_wconf 90' lang='lat' dir='ltr'><strong>ac</strong></span> <span class='ocrx_word' id='word_1_32' title='bbox 1598 945 1922 1009; x_wconf 72' lang='lat' dir='ltr'><strong>duraverit</strong></span> <span class='ocrx_word' id='word_1_33' title='bbox 1967 949 2144 1010; x_wconf 85' lang='lat' dir='ltr'><strong>aetas</strong></span> 
     </span>
    </p>

    <p class='ocr_par' dir='ltr' id='par_1_3' title="bbox 305 1058 2549 1602">
     <span class='ocr_line' id='line_1_6' title="bbox 305 1058 2549 1143; baseline 0 -20"><span class='ocrx_word' id='word_1_34' title='bbox 305 1060 428 1123; x_wconf 79' lang='lat'><strong>120</strong></span> <span class='ocrx_word' id='word_1_35' title='bbox 474 1059 764 1122; x_wconf 90' lang='lat' dir='ltr'><strong>membra</strong></span> <span class='ocrx_word' id='word_1_36' title='bbox 809 1058 1221 1143; x_wconf 89' lang='lat' dir='ltr'><strong>animumque</strong></span> <span class='ocrx_word' id='word_1_37' title='bbox 1266 1064 1476 1143; x_wconf 86' lang='lat' dir='ltr'><strong>tuum,</strong></span> <span class='ocrx_word' id='word_1_38' title='bbox 1521 1060 1709 1124; x_wconf 90' lang='lat' dir='ltr'><strong>nabis</strong></span> <span class='ocrx_word' id='word_1_39' title='bbox 1758 1060 1894 1125; x_wconf 90' lang='lat' dir='ltr'><strong>sine</strong></span> <span class='ocrx_word' id='word_1_40' title='bbox 1941 1060 2216 1125; x_wconf 88' lang='lat' dir='ltr'><strong>cortice.’</strong></span> <span class='ocrx_word' id='word_1_41' title='bbox 2309 1060 2400 1124; x_wconf 92' lang='lat' dir='ltr'><strong>sic</strong></span> <span class='ocrx_word' id='word_1_42' title='bbox 2445 1082 2549 1124; x_wconf 90' lang='lat' dir='ltr'><strong>me</strong></span> 
     </span>
     <span class='ocr_line' id='line_1_7' title="bbox 474 1173 1997 1259; baseline 0.001 -22"><span class='ocrx_word' id='word_1_43' title='bbox 474 1173 798 1238; x_wconf 84' lang='lat' dir='ltr'><strong>formabat</strong></span> <span class='ocrx_word' id='word_1_44' title='bbox 842 1195 1113 1257; x_wconf 90' lang='lat' dir='ltr'><strong>puerum</strong></span> <span class='ocrx_word' id='word_1_45' title='bbox 1158 1174 1344 1238; x_wconf 88' lang='lat' dir='ltr'><strong>dictis</strong></span> <span class='ocrx_word' id='word_1_46' title='bbox 1354 1226 1372 1259; x_wconf 82' lang='lat'><em>,</em></span> <span class='ocrx_word' id='word_1_47' title='bbox 1418 1179 1483 1239; x_wconf 88' lang='lat' dir='ltr'><strong>et</strong></span> <span class='ocrx_word' id='word_1_48' title='bbox 1530 1175 1662 1239; x_wconf 83' lang='lat' dir='ltr'><strong>sive</strong></span> <span class='ocrx_word' id='word_1_49' title='bbox 1708 1175 1997 1259; x_wconf 84' lang='lat' dir='ltr'><strong>iubebat,</strong></span> 
     </span>
     <span class='ocr_line' id='line_1_8' title="bbox 474 1289 2511 1374; baseline 0.001 -22"><span class='ocrx_word' id='word_1_50' title='bbox 474 1292 548 1352; x_wconf 90' lang='lat' dir='ltr'><strong>ut</strong></span> <span class='ocrx_word' id='word_1_51' title='bbox 592 1289 867 1353; x_wconf 89' lang='lat' dir='ltr'><strong>facerem</strong></span> <span class='ocrx_word' id='word_1_52' title='bbox 916 1289 1069 1373; x_wconf 89' lang='lat' dir='ltr'><strong>quid</strong></span> <span class='ocrx_word' id='word_1_53' title='bbox 1115 1289 1336 1353; x_wconf 83' lang='lat' dir='ltr'><strong>‘habes</strong></span> <span class='ocrx_word' id='word_1_54' title='bbox 1384 1294 1737 1374; x_wconf 86' lang='lat' dir='ltr'><strong>auctorem,</strong></span> <span class='ocrx_word' id='word_1_55' title='bbox 1783 1313 1910 1374; x_wconf 86' lang='lat' dir='ltr'><strong>quo</strong></span> <span class='ocrx_word' id='word_1_56' title='bbox 1957 1291 2156 1355; x_wconf 89' lang='lat' dir='ltr'><strong>facias</strong></span> <span class='ocrx_word' id='word_1_57' title='bbox 2202 1291 2376 1355; x_wconf 69' lang='lat' dir='ltr'><strong>hoc?</strong></span> <span class='ocrx_word' id='word_1_58' title='bbox 2428 1329 2511 1337; x_wconf 91' lang='lat'><strong>—-</strong></span> 
     </span>
     <span class='ocr_line' id='line_1_9' title="bbox 476 1383 1982 1489; baseline 0.001 -22"><span class='ocrx_word' id='word_1_59' title='bbox 476 1426 676 1467; x_wconf 91' lang='lat' dir='ltr'><strong>unum</strong></span> <span class='ocrx_word' id='word_1_60' title='bbox 723 1425 800 1467; x_wconf 85' lang='lat' dir='ltr'><strong>ex</strong></span> <span class='ocrx_word' id='word_1_61' title='bbox 829 1383 1160 1468; x_wconf 40' lang='lat' dir='ltr'><strong>&#39;iudicibus</strong></span> <span class='ocrx_word' id='word_1_62' title='bbox 1208 1404 1457 1469; x_wconf 89' lang='lat' dir='ltr'><strong>selectis</strong></span> <span class='ocrx_word' id='word_1_63' title='bbox 1504 1404 1849 1489; x_wconf 82' lang='lat' dir='ltr'><strong>obiciebat3</strong></span> <span class='ocrx_word' id='word_1_64' title='bbox 1899 1443 1982 1451; x_wconf 92' lang='lat'>—</span> 
     </span>
     <span class='ocr_line' id='line_1_10' title="bbox 477 1518 2326 1602; baseline 0.001 -20"><span class='ocrx_word' id='word_1_65' title='bbox 477 1519 608 1583; x_wconf 84' lang='lat' dir='ltr'><strong>sive</strong></span> <span class='ocrx_word' id='word_1_66' title='bbox 654 1518 942 1602; x_wconf 84' lang='lat' dir='ltr'><strong>vetabat,</strong></span> <span class='ocrx_word' id='word_1_67' title='bbox 990 1526 1097 1583; x_wconf 81' lang='lat' dir='ltr'><strong>‘an</strong></span> <span class='ocrx_word' id='word_1_68' title='bbox 1143 1519 1265 1584; x_wconf 93' lang='lat' dir='ltr'><strong>hoc</strong></span> <span class='ocrx_word' id='word_1_69' title='bbox 1311 1519 1725 1584; x_wconf 87' lang='lat' dir='ltr'><strong>inhonestum</strong></span> <span class='ocrx_word' id='word_1_70' title='bbox 1772 1525 1837 1585; x_wconf 88' lang='lat' dir='ltr'><strong>ct</strong></span> <span class='ocrx_word' id='word_1_71' title='bbox 1881 1520 2106 1584; x_wconf 86' lang='lat' dir='ltr'><strong>inutile</strong></span> <span class='ocrx_word' id='word_1_72' title='bbox 2153 1520 2326 1584; x_wconf 88' lang='lat' dir='ltr'><strong>factu</strong></span> 
     </span>
    </p>

    <p class='ocr_par' dir='ltr' id='par_1_4' title="bbox 309 1633 2318 2181">
     <span class='ocr_line' id='line_1_11' title="bbox 309 1633 2195 1719; baseline 0 -21"><span class='ocrx_word' id='word_1_73' title='bbox 309 1635 430 1698; x_wconf 80' lang='lat'><strong>125</strong></span> <span class='ocrx_word' id='word_1_74' title='bbox 474 1655 674 1698; x_wconf 90' lang='lat' dir='ltr'><strong>necne</strong></span> <span class='ocrx_word' id='word_1_75' title='bbox 723 1634 807 1698; x_wconf 88' lang='lat' dir='ltr'><strong>sit</strong></span> <span class='ocrx_word' id='word_1_76' title='bbox 853 1633 1215 1719; x_wconf 83' lang='lat' dir='ltr'><strong>addubites,</strong></span> <span class='ocrx_word' id='word_1_77' title='bbox 1259 1634 1491 1719; x_wconf 86' lang='lat' dir='ltr'><strong>flagret</strong></span> <span class='ocrx_word' id='word_1_78' title='bbox 1534 1656 1788 1699; x_wconf 86' lang='lat' dir='ltr'><strong>rumore</strong></span> <span class='ocrx_word' id='word_1_79' title='bbox 1833 1636 2005 1699; x_wconf 86' lang='lat' dir='ltr'><strong>malo</strong></span> <span class='ocrx_word' id='word_1_80' title='bbox 2052 1657 2195 1698; x_wconf 93' lang='lat' dir='ltr'><strong>cum</strong></span> 
     </span>
     <span class='ocr_line' id='line_1_12' title="bbox 474 1748 2318 1834; baseline 0.001 -22"><span class='ocrx_word' id='word_1_81' title='bbox 474 1749 579 1812; x_wconf 91' lang='lat' dir='ltr'><strong>hic</strong></span> <span class='ocrx_word' id='word_1_82' title='bbox 625 1752 818 1834; x_wconf 88' lang='lat' dir='ltr'><strong>atque</strong></span> <span class='ocrx_word' id='word_1_83' title='bbox 865 1750 973 1813; x_wconf 88' lang='lat' dir='ltr'><strong>illc</strong></span> <span class='ocrx_word' id='word_1_84' title='bbox 986 1749 1043 1813; x_wconf 71' lang='lat' dir='ltr'><strong>‘P’</strong></span> <span class='ocrx_word' id='word_1_85' title='bbox 1137 1749 1356 1814; x_wconf 87' lang='lat' dir='ltr'><strong>avidos</strong></span> <span class='ocrx_word' id='word_1_86' title='bbox 1403 1748 1685 1813; x_wconf 84' lang='lat' dir='ltr'><strong>vicinum</strong></span> <span class='ocrx_word' id='word_1_87' title='bbox 1731 1750 1925 1814; x_wconf 91' lang='lat' dir='ltr'><strong>funus</strong></span> <span class='ocrx_word' id='word_1_88' title='bbox 1970 1753 2044 1813; x_wconf 92' lang='lat' dir='ltr'><strong>ut</strong></span> <span class='ocrx_word' id='word_1_89' title='bbox 2090 1770 2318 1834; x_wconf 87' lang='lat' dir='ltr'><strong>aegros</strong></span> 
     </span>
     <span class='ocr_line' id='line_1_13' title="bbox 476 1864 2169 1949; baseline -0.001 -21"><span class='ocrx_word' id='word_1_90' title='bbox 476 1864 825 1948; x_wconf 84' lang='lat' dir='ltr'><strong>exanimat,</strong></span> <span class='ocrx_word' id='word_1_91' title='bbox 871 1865 1224 1949; x_wconf 84' lang='lat' dir='ltr'><strong>mortisque</strong></span> <span class='ocrx_word' id='word_1_92' title='bbox 1271 1868 1446 1928; x_wconf 88' lang='lat' dir='ltr'><strong>metu</strong></span> <span class='ocrx_word' id='word_1_93' title='bbox 1494 1864 1618 1928; x_wconf 91' lang='lat' dir='ltr'><strong>sibi</strong></span> <span class='ocrx_word' id='word_1_94' title='bbox 1663 1885 1923 1948; x_wconf 83' lang='lat' dir='ltr'><strong>parcere</strong></span> <span class='ocrx_word' id='word_1_95' title='bbox 1960 1865 2169 1948; x_wconf 81' lang='lat' dir='ltr'><strong>cogit,</strong></span> 
     </span>
     <span class='ocr_line' id='line_1_14' title="bbox 478 1979 2050 2063; baseline -0.001 -20"><span class='ocrx_word' id='word_1_96' title='bbox 478 1980 568 2044; x_wconf 90' lang='lat' dir='ltr'><strong>sic</strong></span> <span class='ocrx_word' id='word_1_97' title='bbox 613 1983 869 2044; x_wconf 83' lang='lat' dir='ltr'><strong>teneros</strong></span> <span class='ocrx_word' id='word_1_98' title='bbox 917 1980 1167 2044; x_wconf 88' lang='lat' dir='ltr'><strong>animos</strong></span> <span class='ocrx_word' id='word_1_99' title='bbox 1214 1980 1424 2044; x_wconf 86' lang='lat' dir='ltr'><strong>aliena</strong></span> <span class='ocrx_word' id='word_1_100' title='bbox 1470 1979 1817 2063; x_wconf 85' lang='lat' dir='ltr'><strong>opprobria</strong></span> <span class='ocrx_word' id='word_1_101' title='bbox 1862 2001 2050 2062; x_wconf 80' lang='lat' dir='ltr'><strong>saepe</strong></span> 
     </span>
     <span class='ocr_line' id='line_1_15' title="bbox 479 2093 2152 2181; baseline -0.001 -22"><span class='ocrx_word' id='word_1_102' title='bbox 479 2096 839 2159; x_wconf 71' lang='lat' dir='ltr'><strong>absterrent</strong></span> <span class='ocrx_word' id='word_1_103' title='bbox 883 2095 1075 2181; x_wconf 84' lang='lat' dir='ltr'><strong>vitiis.</strong></span> <span class='ocrx_word' id='word_1_104' title='bbox 1166 2116 1243 2158; x_wconf 88' lang='lat' dir='ltr'><strong>ex</strong></span> <span class='ocrx_word' id='word_1_105' title='bbox 1289 2095 1411 2160; x_wconf 93' lang='lat' dir='ltr'><strong>hoc</strong></span> <span class='ocrx_word' id='word_1_106' title='bbox 1457 2116 1578 2180; x_wconf 86' lang='lat' dir='ltr'><strong>ego</strong></span> <span class='ocrx_word' id='word_1_107' title='bbox 1626 2117 1821 2159; x_wconf 88' lang='lat' dir='ltr'><strong>sanus</strong></span> <span class='ocrx_word' id='word_1_108' title='bbox 1870 2093 1951 2158; x_wconf 91' lang='lat' dir='ltr'><strong>ab</strong></span> <span class='ocrx_word' id='word_1_109' title='bbox 1997 2094 2152 2177; x_wconf 87' lang='lat' dir='ltr'><strong>illis,</strong></span> 
     </span>
    </p>

    <p class='ocr_par' dir='ltr' id='par_1_5' title="bbox 315 2208 2535 2755">
     <span class='ocr_line' id='line_1_16' title="bbox 315 2208 2365 2295; baseline -0.002 -20"><span class='ocrx_word' id='word_1_110' title='bbox 315 2211 435 2275; x_wconf 85' lang='lat'><strong>130</strong></span> <span class='ocrx_word' id='word_1_111' title='bbox 476 2210 822 2295; x_wconf 90' lang='lat' dir='ltr'><strong>perniciem</strong></span> <span class='ocrx_word' id='word_1_112' title='bbox 871 2231 1306 2294; x_wconf 87' lang='lat' dir='ltr'><strong>quaecumque</strong></span> <span class='ocrx_word' id='word_1_113' title='bbox 1352 2209 1595 2295; x_wconf 86' lang='lat' dir='ltr'><strong>ferunt,</strong></span> <span class='ocrx_word' id='word_1_114' title='bbox 1641 2210 2065 2274; x_wconf 81' lang='lat' dir='ltr'><strong>mediocribus</strong></span> <span class='ocrx_word' id='word_1_115' title='bbox 2111 2212 2177 2273; x_wconf 91' lang='lat' dir='ltr'><strong>et</strong></span> <span class='ocrx_word' id='word_1_116' title='bbox 2224 2208 2365 2293; x_wconf 90' lang='lat' dir='ltr'><strong>quis</strong></span> 
     </span>
     <span class='ocr_line' id='line_1_17' title="bbox 477 2324 1985 2410; baseline 0 -22"><span class='ocrx_word' id='word_1_117' title='bbox 477 2326 775 2410; x_wconf 82' lang='lat' dir='ltr'><strong>ignoscas</strong></span> <span class='ocrx_word' id='word_1_118' title='bbox 821 2324 995 2388; x_wconf 83' lang='lat' dir='ltr'><strong>vitiis</strong></span> <span class='ocrx_word' id='word_1_119' title='bbox 1041 2328 1292 2407; x_wconf 80' lang='lat' dir='ltr'><strong>teneor3</strong></span> <span class='ocrx_word' id='word_1_120' title='bbox 1340 2325 1633 2390; x_wconf 83' lang='lat' dir='ltr'><strong>fortassis</strong></span> <span class='ocrx_word' id='word_1_121' title='bbox 1683 2328 1748 2389; x_wconf 88' lang='lat' dir='ltr'><strong>et</strong></span> <span class='ocrx_word' id='word_1_122' title='bbox 1792 2325 1985 2389; x_wconf 85' lang='lat' dir='ltr'><strong>istinc</strong></span> 
     </span>
     <span class='ocr_line' id='line_1_18' title="bbox 477 2439 2136 2525; baseline -0.001 -21"><span class='ocrx_word' id='word_1_123' title='bbox 477 2440 743 2525; x_wconf 82' lang='lat' dir='ltr'><strong>largiter</strong></span> <span class='ocrx_word' id='word_1_124' title='bbox 789 2439 1127 2519; x_wconf 83' lang='lat' dir='ltr'><strong>abstulerit</strong></span> <span class='ocrx_word' id='word_1_125' title='bbox 1170 2440 1367 2524; x_wconf 85' lang='lat' dir='ltr'><strong>longa</strong></span> <span class='ocrx_word' id='word_1_126' title='bbox 1412 2444 1615 2524; x_wconf 85' lang='lat' dir='ltr'><strong>aetas,</strong></span> <span class='ocrx_word' id='word_1_127' title='bbox 1660 2439 1824 2504; x_wconf 89' lang='lat' dir='ltr'><strong>liber</strong></span> <span class='ocrx_word' id='word_1_128' title='bbox 1868 2439 2110 2503; x_wconf 88' lang='lat' dir='ltr'><strong>amicus</strong></span> <span class='ocrx_word' id='word_1_129' title='bbox 2118 2489 2136 2522; x_wconf 90' lang='lat'><em>‚</em></span> 
     </span>
     <span class='ocr_line' id='line_1_19' title="bbox 480 2555 2535 2640; baseline -0.001 -19"><span class='ocrx_word' id='word_1_130' title='bbox 480 2557 819 2621; x_wconf 90' lang='lat' dir='ltr'><strong>consilium</strong></span> <span class='ocrx_word' id='word_1_131' title='bbox 863 2555 1222 2639; x_wconf 87' lang='lat' dir='ltr'><strong>proprium:</strong></span> <span class='ocrx_word' id='word_1_132' title='bbox 1269 2576 1476 2640; x_wconf 91' lang='lat' dir='ltr'><strong>neque</strong></span> <span class='ocrx_word' id='word_1_133' title='bbox 1524 2556 1723 2640; x_wconf 87' lang='lat' dir='ltr'><strong>enim,</strong></span> <span class='ocrx_word' id='word_1_134' title='bbox 1770 2577 1913 2619; x_wconf 92' lang='lat' dir='ltr'><strong>cum</strong></span> <span class='ocrx_word' id='word_1_135' title='bbox 1960 2556 2229 2619; x_wconf 87' lang='lat' dir='ltr'><strong>lectulus</strong></span> <span class='ocrx_word' id='word_1_136' title='bbox 2277 2558 2389 2619; x_wconf 90' lang='lat' dir='ltr'><strong>aut</strong></span> <span class='ocrx_word' id='word_1_137' title='bbox 2433 2577 2535 2619; x_wconf 87' lang='lat' dir='ltr'><strong>me</strong></span> 
     </span>
     <span class='ocr_line' id='line_1_20' title="bbox 478 2671 2269 2755; baseline -0.002 -19"><span class='ocrx_word' id='word_1_138' title='bbox 478 2672 763 2755; x_wconf 85' lang='lat' dir='ltr'><strong>porticus</strong></span> <span class='ocrx_word' id='word_1_139' title='bbox 809 2671 1082 2755; x_wconf 85' lang='lat' dir='ltr'><strong>excepit,</strong></span> <span class='ocrx_word' id='word_1_140' title='bbox 1129 2671 1351 2735; x_wconf 89' lang='lat' dir='ltr'><strong>desum</strong></span> <span class='ocrx_word' id='word_1_141' title='bbox 1397 2671 1571 2736; x_wconf 88' lang='lat' dir='ltr'><strong>mihi.</strong></span> <span class='ocrx_word' id='word_1_142' title='bbox 1665 2671 1921 2735; x_wconf 77' lang='lat' dir='ltr'><strong>‘rectius</strong></span> <span class='ocrx_word' id='word_1_143' title='bbox 1967 2671 2091 2735; x_wconf 93' lang='lat' dir='ltr'><strong>hoc</strong></span> <span class='ocrx_word' id='word_1_144' title='bbox 2136 2674 2269 2735; x_wconf 85' lang='lat' dir='ltr'><strong>est..</strong></span> 
     </span>
    </p>

    <p class='ocr_par' dir='ltr' id='par_1_6' title="bbox 323 2785 2449 3313">
     <span class='ocr_line' id='line_1_21' title="bbox 323 2785 2138 2853; baseline -0.001 -3"><span class='ocrx_word' id='word_1_145' title='bbox 323 2786 438 2851; x_wconf 86' lang='lat'><strong>135</strong></span> <span class='ocrx_word' id='word_1_146' title='bbox 479 2787 600 2852; x_wconf 93' lang='lat' dir='ltr'><strong>hoc</strong></span> <span class='ocrx_word' id='word_1_147' title='bbox 645 2786 888 2851; x_wconf 90' lang='lat' dir='ltr'><strong>faciens</strong></span> <span class='ocrx_word' id='word_1_148' title='bbox 935 2786 1146 2850; x_wconf 84' lang='lat' dir='ltr'><strong>vivam</strong></span> <span class='ocrx_word' id='word_1_149' title='bbox 1192 2786 1436 2851; x_wconf 84' lang='lat' dir='ltr'><strong>melius.</strong></span> <span class='ocrx_word' id='word_1_150' title='bbox 1529 2787 1622 2851; x_wconf 88' lang='lat' dir='ltr'><strong>sic</strong></span> <span class='ocrx_word' id='word_1_151' title='bbox 1667 2787 1868 2853; x_wconf 74' lang='lat' dir='ltr'><strong>dulcis</strong></span> <span class='ocrx_word' id='word_1_152' title='bbox 1917 2785 2138 2849; x_wconf 90' lang='lat' dir='ltr'><strong>amicis</strong></span> 
     </span>
     <span class='ocr_line' id='line_1_22' title="bbox 482 2893 2431 2986; baseline -0.002 -19"><span class='ocrx_word' id='word_1_153' title='bbox 482 2893 826 2968; x_wconf 89' lang='lat' dir='ltr'><strong>occurram.</strong></span> <span class='ocrx_word' id='word_1_154' title='bbox 916 2902 1038 2966; x_wconf 91' lang='lat' dir='ltr'><strong>hoc</strong></span> <span class='ocrx_word' id='word_1_155' title='bbox 1085 2902 1345 2986; x_wconf 88' lang='lat' dir='ltr'><strong>quidam</strong></span> <span class='ocrx_word' id='word_1_156' title='bbox 1389 2924 1523 2967; x_wconf 94' lang='lat' dir='ltr'><strong>non</strong></span> <span class='ocrx_word' id='word_1_157' title='bbox 1568 2902 1765 2966; x_wconf 84' lang='lat' dir='ltr'><strong>belle:</strong></span> <span class='ocrx_word' id='word_1_158' title='bbox 1810 2900 2123 2985; x_wconf 90' lang='lat' dir='ltr'><strong>numquid</strong></span> <span class='ocrx_word' id='word_1_159' title='bbox 2170 2921 2290 2985; x_wconf 86' lang='lat' dir='ltr'><strong>ego</strong></span> <span class='ocrx_word' id='word_1_160' title='bbox 2337 2900 2431 2964; x_wconf 91' lang='lat' dir='ltr'><strong>illi</strong></span> 
     </span>
     <span class='ocr_line' id='line_1_23' title="bbox 481 3017 2449 3102; baseline -0.002 -20"><span class='ocrx_word' id='word_1_161' title='bbox 481 3018 830 3102; x_wconf 89' lang='lat' dir='ltr'><strong>inprudens</strong></span> <span class='ocrx_word' id='word_1_162' title='bbox 878 3017 1031 3081; x_wconf 90' lang='lat' dir='ltr'><strong>olim</strong></span> <span class='ocrx_word' id='word_1_163' title='bbox 1077 3017 1309 3081; x_wconf 84' lang='lat' dir='ltr'><strong>faciam</strong></span> <span class='ocrx_word' id='word_1_164' title='bbox 1356 3017 1561 3081; x_wconf 88' lang='lat' dir='ltr'><strong>simile</strong></span> <span class='ocrx_word' id='word_1_165' title='bbox 1573 3018 1629 3082; x_wconf 70' lang='lat'><strong>‘2’</strong></span> <span class='ocrx_word' id='word_1_166' title='bbox 1679 3068 1693 3081; x_wconf 89' lang='lat'><strong>.</strong></span> <span class='ocrx_word' id='word_1_167' title='bbox 1724 3068 1737 3082; x_wconf 94' lang='lat'><strong>.</strong></span> <span class='ocrx_word' id='word_1_168' title='bbox 1767 3067 1781 3081; x_wconf 90' lang='lat'><strong>.</strong></span> <span class='ocrx_word' id='word_1_169' title='bbox 1827 3017 1985 3081; x_wconf 87' lang='lat' dir='ltr'><strong>haec</strong></span> <span class='ocrx_word' id='word_1_170' title='bbox 2031 3036 2151 3101; x_wconf 87' lang='lat' dir='ltr'><strong>ego</strong></span> <span class='ocrx_word' id='word_1_171' title='bbox 2199 3037 2449 3079; x_wconf 90' lang='lat' dir='ltr'><strong>mecum</strong></span> 
     </span>
     <span class='ocr_line' id='line_1_24' title="bbox 483 3131 2093 3217; baseline -0.002 -18"><span class='ocrx_word' id='word_1_172' title='bbox 483 3133 843 3217; x_wconf 90' lang='lat' dir='ltr'><strong>conpressis</strong></span> <span class='ocrx_word' id='word_1_173' title='bbox 891 3134 1065 3217; x_wconf 83' lang='lat' dir='ltr'><strong>agito</strong></span> <span class='ocrx_word' id='word_1_174' title='bbox 1113 3132 1337 3215; x_wconf 85' lang='lat' dir='ltr'><strong>labris3</strong></span> <span class='ocrx_word' id='word_1_175' title='bbox 1386 3132 1497 3195; x_wconf 91' lang='lat' dir='ltr'><strong>ubi</strong></span> <span class='ocrx_word' id='word_1_176' title='bbox 1543 3131 1698 3217; x_wconf 90' lang='lat' dir='ltr'><strong>quid</strong></span> <span class='ocrx_word' id='word_1_177' title='bbox 1744 3132 1931 3196; x_wconf 87' lang='lat' dir='ltr'><strong>datur</strong></span> <span class='ocrx_word' id='word_1_178' title='bbox 1975 3133 2093 3216; x_wconf 86' lang='lat' dir='ltr'><strong>oti,</strong></span> 
     </span>
     <span class='ocr_line' id='line_1_25' title="bbox 484 3247 2008 3313; baseline -0.002 -1"><span class='ocrx_word' id='word_1_179' title='bbox 484 3248 703 3313; x_wconf 90' lang='lat' dir='ltr'><strong>inludo</strong></span> <span class='ocrx_word' id='word_1_180' title='bbox 751 3248 1008 3312; x_wconf 82' lang='lat' dir='ltr'><strong>chartis.</strong></span> <span class='ocrx_word' id='word_1_181' title='bbox 1097 3248 1219 3312; x_wconf 92' lang='lat' dir='ltr'><strong>hoc</strong></span> <span class='ocrx_word' id='word_1_182' title='bbox 1266 3252 1364 3312; x_wconf 88' lang='lat' dir='ltr'><strong>est</strong></span> <span class='ocrx_word' id='word_1_183' title='bbox 1410 3247 1834 3312; x_wconf 89' lang='lat' dir='ltr'><strong>mediocribus</strong></span> <span class='ocrx_word' id='word_1_184' title='bbox 1881 3247 2008 3310; x_wconf 85' lang='lat' dir='ltr'><strong>illis</strong></span> 
     </span>
    </p>

    <p class='ocr_par' dir='ltr' id='par_1_7' title="bbox 333 3362 2282 3806">
     <span class='ocr_line' id='line_1_26' title="bbox 333 3362 1935 3447; baseline 0 -21"><span class='ocrx_word' id='word_1_185' title='bbox 333 3362 445 3427; x_wconf 86' lang='lat'><strong>140</strong></span> <span class='ocrx_word' id='word_1_186' title='bbox 486 3386 561 3428; x_wconf 83' lang='lat' dir='ltr'><strong>ex</strong></span> <span class='ocrx_word' id='word_1_187' title='bbox 605 3364 782 3430; x_wconf 84' lang='lat' dir='ltr'><strong>vitiis</strong></span> <span class='ocrx_word' id='word_1_188' title='bbox 828 3386 1056 3447; x_wconf 81' lang='lat' dir='ltr'><strong>unum3</strong></span> <span class='ocrx_word' id='word_1_189' title='bbox 1103 3363 1205 3426; x_wconf 91' lang='lat' dir='ltr'><strong>cui</strong></span> <span class='ocrx_word' id='word_1_190' title='bbox 1252 3364 1306 3427; x_wconf 91' lang='lat' dir='ltr'><strong>si</strong></span> <span class='ocrx_word' id='word_1_191' title='bbox 1352 3363 1695 3428; x_wconf 90' lang='lat' dir='ltr'><strong>concedere</strong></span> <span class='ocrx_word' id='word_1_192' title='bbox 1740 3363 1935 3446; x_wconf 85' lang='lat' dir='ltr'><strong>nolis,</strong></span> 
     </span>
     <span class='ocr_line' id='line_1_27' title="bbox 487 3478 2121 3564; baseline -0.002 -20"><span class='ocrx_word' id='word_1_193' title='bbox 487 3481 687 3544; x_wconf 83' lang='lat' dir='ltr'><strong>multa</strong></span> <span class='ocrx_word' id='word_1_194' title='bbox 731 3483 1069 3563; x_wconf 85' lang='lat' dir='ltr'><strong>poetarum</strong></span> <span class='ocrx_word' id='word_1_195' title='bbox 1114 3478 1330 3542; x_wconf 84' lang='lat' dir='ltr'><strong>veniet</strong></span> <span class='ocrx_word' id='word_1_196' title='bbox 1372 3501 1627 3564; x_wconf 81' lang='lat' dir='ltr'><strong>manus,</strong></span> <span class='ocrx_word' id='word_1_197' title='bbox 1675 3478 1911 3543; x_wconf 83' lang='lat' dir='ltr'><strong>auxilio</strong></span> <span class='ocrx_word' id='word_1_198' title='bbox 1959 3497 2121 3562; x_wconf 89' lang='lat' dir='ltr'><strong>quae</strong></span> 
     </span>
     <span class='ocr_line' id='line_1_28' title="bbox 489 3590 2282 3677; baseline -0.002 -19"><span class='ocrx_word' id='word_1_199' title='bbox 489 3595 571 3660; x_wconf 89' lang='lat' dir='ltr'><strong>sit</strong></span> <span class='ocrx_word' id='word_1_200' title='bbox 613 3595 800 3659; x_wconf 79' lang='lat' dir='ltr'><strong>mihi:</strong></span> <span class='ocrx_word' id='word_1_201' title='bbox 845 3616 998 3659; x_wconf 87' lang='lat' dir='ltr'><strong>nam</strong></span> <span class='ocrx_word' id='word_1_202' title='bbox 1046 3595 1249 3658; x_wconf 75' lang='lat' dir='ltr'><strong>multo</strong></span> <span class='ocrx_word' id='word_1_203' title='bbox 1295 3595 1510 3677; x_wconf 88' lang='lat' dir='ltr'><strong>plures</strong></span> <span class='ocrx_word' id='word_1_204' title='bbox 1558 3616 1778 3658; x_wconf 91' lang='lat' dir='ltr'><strong>sumus</strong></span> <span class='ocrx_word' id='word_1_205' title='bbox 1793 3645 1810 3677; x_wconf 87' lang='lat'><em>‚</em></span> <span class='ocrx_word' id='word_1_206' title='bbox 1854 3615 1930 3657; x_wconf 88' lang='lat' dir='ltr'><strong>ac</strong></span> <span class='ocrx_word' id='word_1_207' title='bbox 1975 3590 2173 3656; x_wconf 86' lang='lat' dir='ltr'><strong>veluti</strong></span> <span class='ocrx_word' id='word_1_208' title='bbox 2217 3594 2282 3655; x_wconf 84' lang='lat' dir='ltr'><strong>te</strong></span> 
     </span>
     <span class='ocr_line' id='line_1_29' title="bbox 486 3709 2084 3806; baseline -0.001 -33"><span class='ocrx_word' id='word_1_209' title='bbox 486 3709 700 3775; x_wconf 86' lang='lat' dir='ltr'><strong>Iudaei</strong></span> <span class='ocrx_word' id='word_1_210' title='bbox 746 3730 1048 3795; x_wconf 84' lang='lat' dir='ltr'><strong>cogemus</strong></span> <span class='ocrx_word' id='word_1_211' title='bbox 1094 3709 1163 3772; x_wconf 91' lang='lat' dir='ltr'><strong>in</strong></span> <span class='ocrx_word' id='word_1_212' title='bbox 1208 3709 1375 3773; x_wconf 86' lang='lat' dir='ltr'><strong>hanc</strong></span> <span class='ocrx_word' id='word_1_213' title='bbox 1421 3709 1764 3806; x_wconf 83' lang='lat' dir='ltr'><strong>concedere</strong></span> <span class='ocrx_word' id='word_1_214' title='bbox 1808 3709 2084 3774; x_wconf 88' lang='lat' dir='ltr'><strong>turbam.</strong></span> 
     </span>
    </p>

    <p class='ocr_par' dir='ltr' id='par_1_8' title="bbox 493 3849 2053 4488">
     <span class='ocr_line' id='line_1_30' title="bbox 1332 3849 1555 3915; baseline 0 -1"><span class='ocrx_word' id='word_1_215' title='bbox 1332 3849 1555 3915; x_wconf 89' lang='lat' dir='ltr'>XVHI</span> 
     </span>
     <span class='ocr_line' id='line_1_31' title="bbox 571 3939 1166 4009; baseline -0.008 0"><span class='ocrx_word' id='word_1_216' title='bbox 571 3939 810 4009; x_wconf 84' lang='lat' dir='ltr'><strong>Incerti</strong></span> <span class='ocrx_word' id='word_1_217' title='bbox 853 3939 1166 4006; x_wconf 86' lang='lat' dir='ltr'><strong>auctoris:</strong></span> 
     </span>
     <span class='ocr_line' id='line_1_32' title="bbox 494 4052 2038 4143; baseline -0.004 -20"><span class='ocrx_word' id='word_1_218' title='bbox 494 4055 744 4143; x_wconf 87' lang='lat' dir='ltr'><strong>[Lucili‚</strong></span> <span class='ocrx_word' id='word_1_219' title='bbox 791 4080 984 4142; x_wconf 90' lang='lat' dir='ltr'><strong>quam</strong></span> <span class='ocrx_word' id='word_1_220' title='bbox 1032 4056 1119 4120; x_wconf 91' lang='lat' dir='ltr'><strong>sis</strong></span> <span class='ocrx_word' id='word_1_221' title='bbox 1167 4056 1510 4120; x_wconf 87' lang='lat' dir='ltr'><strong>mendosus</strong></span> <span class='ocrx_word' id='word_1_222' title='bbox 1519 4105 1537 4138; x_wconf 86' lang='lat'><em>,</em></span> <span class='ocrx_word' id='word_1_223' title='bbox 1580 4056 1746 4117; x_wconf 76' lang='lat' dir='ltr'><strong>teste</strong></span> <span class='ocrx_word' id='word_1_224' title='bbox 1792 4052 2038 4118; x_wconf 83' lang='lat' dir='ltr'><strong>Catone</strong></span> 
     </span>
     <span class='ocr_line' id='line_1_33' title="bbox 493 4168 2036 4256; baseline -0.003 -20"><span class='ocrx_word' id='word_1_225' title='bbox 493 4173 819 4238; x_wconf 87' lang='lat' dir='ltr'><strong>defensore</strong></span> <span class='ocrx_word' id='word_1_226' title='bbox 863 4176 977 4236; x_wconf 86' lang='lat' dir='ltr'><strong>tuo</strong></span> <span class='ocrx_word' id='word_1_227' title='bbox 1023 4171 1417 4256; x_wconf 87' lang='lat' dir='ltr'><strong>pervincam,</strong></span> <span class='ocrx_word' id='word_1_228' title='bbox 1464 4170 1574 4254; x_wconf 90' lang='lat' dir='ltr'><strong>qui</strong></span> <span class='ocrx_word' id='word_1_229' title='bbox 1619 4170 1786 4232; x_wconf 85' lang='lat' dir='ltr'><strong>male</strong></span> <span class='ocrx_word' id='word_1_230' title='bbox 1829 4168 2036 4232; x_wconf 89' lang='lat' dir='ltr'><strong>factos</strong></span> 
     </span>
     <span class='ocr_line' id='line_1_34' title="bbox 494 4284 1951 4371; baseline -0.003 -20"><span class='ocrx_word' id='word_1_231' title='bbox 494 4289 825 4353; x_wconf 87' lang='lat' dir='ltr'><strong>emendare</strong></span> <span class='ocrx_word' id='word_1_232' title='bbox 871 4291 1059 4371; x_wconf 90' lang='lat' dir='ltr'><strong>parat</strong></span> <span class='ocrx_word' id='word_1_233' title='bbox 1105 4309 1351 4371; x_wconf 78' lang='lat' dir='ltr'><strong>verSUS‚</strong></span> <span class='ocrx_word' id='word_1_234' title='bbox 1396 4287 1518 4351; x_wconf 91' lang='lat' dir='ltr'><strong>hoc</strong></span> <span class='ocrx_word' id='word_1_235' title='bbox 1563 4285 1772 4349; x_wconf 86' lang='lat' dir='ltr'><strong>lenius</strong></span> <span class='ocrx_word' id='word_1_236' title='bbox 1817 4284 1951 4367; x_wconf 84' lang='lat' dir='ltr'><strong>ille,</strong></span> 
     </span>
     <span class='ocr_line' id='line_1_35' title="bbox 498 4398 2053 4488; baseline -0.006 -19"><span class='ocrx_word' id='word_1_237' title='bbox 498 4426 620 4488; x_wconf 92' lang='lat' dir='ltr'><strong>quo</strong></span> <span class='ocrx_word' id='word_1_238' title='bbox 666 4405 893 4468; x_wconf 89' lang='lat' dir='ltr'><strong>melior</strong></span> <span class='ocrx_word' id='word_1_239' title='bbox 938 4404 1035 4468; x_wconf 80' lang='lat' dir='ltr'><strong>vir</strong></span> <span class='ocrx_word' id='word_1_240' title='bbox 1081 4407 1146 4467; x_wconf 88' lang='lat' dir='ltr'><strong>et</strong></span> <span class='ocrx_word' id='word_1_241' title='bbox 1191 4406 1290 4467; x_wconf 86' lang='lat' dir='ltr'><strong>est</strong></span> <span class='ocrx_word' id='word_1_242' title='bbox 1334 4403 1526 4485; x_wconf 83' lang='lat' dir='ltr'><strong>longe</strong></span> <span class='ocrx_word' id='word_1_243' title='bbox 1574 4399 1873 4464; x_wconf 84' lang='lat' dir='ltr'><strong>subtilior</strong></span> <span class='ocrx_word' id='word_1_244' title='bbox 1915 4398 2053 4480; x_wconf 85' lang='lat' dir='ltr'><strong>illo,</strong></span> 
     </span>
    </p>
   </div>
   <div class='ocr_carea' id='block_1_3' title="bbox 432 4486 3099 5044">
    <p class='ocr_par' dir='ltr' id='par_1_9' title="bbox 432 4486 3099 5044">
     <span class='ocr_line' id='line_1_36' title="bbox 432 4486 3099 4553; baseline 0.003 -6"><span class='ocrx_word' id='word_1_245' title='bbox 432 4507 475 4550; x_wconf 81' lang='lat' dir='ltr'><strong>C.</strong></span> <span class='ocrx_word' id='word_1_246' title='bbox 500 4510 645 4550; x_wconf 82' lang='lat' dir='ltr'><strong>Lucili</strong></span> <span class='ocrx_word' id='word_1_247' title='bbox 672 4513 811 4551; x_wconf 74' lang='lat' dir='ltr'><strong>satur.</strong></span> <span class='ocrx_word' id='word_1_248' title='bbox 840 4509 917 4548; x_wconf 85' lang='lat' dir='ltr'><strong>rel.</strong></span> <span class='ocrx_word' id='word_1_249' title='bbox 2108 4486 2174 4553; x_wconf 61' lang='lat'><strong>12&#39;</strong></span> <span class='ocrx_word' id='word_1_250' title='bbox 3088 4531 3099 4536; x_wconf 85' lang='lat'><em>·</em></span> 
     </span>
     <span class='ocr_line' id='line_1_37' title="bbox 2326 4799 2751 5044; baseline 0.002 -102"><span class='ocrx_word' id='word_1_251' title='bbox 2326 4935 2335 4942; x_wconf 90' lang='lat'><em>.</em></span> <span class='ocrx_word' id='word_1_252' title='bbox 2684 4799 2751 5044; x_wconf 47' lang='lat' dir='ltr'><strong>’i</strong></span> 
     </span>
    </p>
   </div>
  </div>
 </body>
</html>
