3267 5075
597 391 726 457 322
927 391 1088 447 ACCI
1125 393 1221 446 ΕΤ
1262 390 1424 446 ΞῙΓΕΙ
1462 391 1843 448 LIBRORUM
1882 393 2076 459 QUAE
2117 393 2561 451 SUPERSUNT.

596 566 836 617 ceterum
882 559 1106 617 videnda
1150 575 1286 634 quae
1315 561 1615 616 notavimus
1661 559 1727 615 ad
1768 558 1901 618 Luc.
1948 560 1984 617 l.
2027 559 2161 617 v1111
2203 558 2366 634 srgm.
2412 577 2497 633 ea,
2544 559 2636 621 uhi
2682 560 2750 617 de
2797 560 2900 617 lit-

597 645 728 701 teris
771 643 1030 719 disputat‚
1075 651 1130 700 et
1174 643 1239 700 ad
1285 643 1463 717 XXVI,
1509 644 1610 701 65.
2256 678 2284 701 .-

766 728 824 786 2.
896 746 1027 785 sane
1070 730 1287 786 Accium
1329 730 1383 785 in
1431 727 1721 803 tragoediis
1765 728 1970 804 largius
2024 746 2054 785 a
2095 731 2271 803 prisca
2329 729 2725 787 consuetudine
2770 747 2902 787 mo·

595 830 721 871 vere
764 816 1009 888 coepisse
1053 822 1110 870 et
1154 813 1220 870 ad
1264 813 1464 870 formas
1509 814 1736 869 Graecas
1783 813 2070 870 verborum
2111 816 2282 888 magis
2325 831 2580 872 revocare
2624 814 2900 872 vocabula

593 900 947 974 externigena
990 905 1222 955 testatur
1265 897 1431 954 Varro
1477 897 1532 956 d.
1577 897 1615 955 l.
1649 896 1721 957 L.
1767 898 1832 968 X,
1867 899 1964 956 70.
2044 898 2182 954 unde
2230 898 2469 969 Valerius
2516 899 2734 974 quidam
2778 900 2902 956 hoc

591 983 647 1038 in
690 983 842 1040 illum
886 976 1027 1040 lusit
1070 985 1482 1059 epigrammate:

761 1114 954 1171 Accius
999 1111 1286 1170 Hectorem
1332 1112 1485 1168 nolet
1527 1111 1739 1185 facere,
1785 1110 2018 1169 Hectora
2062 1113 2241 1170 malet.

590 1268 712 1309 nam
757 1262 814 1309 et
857 1251 1047 1308 eodem
1091 1258 1336 1325 tempore
1366 1251 1566 1307 amicus
1611 1251 1728 1305 eius
1773 1257 1829 1306 et
1872 1250 2178 1307 studiorum
2220 1266 2449 1307 consors
2493 1251 2659 1308 lulius
2689 1250 2904 1308 Caesar

592 1338 686 1411 qui
730 1344 785 1392 et
825 1336 1089 1411 Vopiscus
1134 1343 1190 1392 et
1233 1333 1427 1391 Strabo
1471 1334 1650 1411 dictus
1695 1342 1782 1391 est
1825 1336 2030 1409 primus
2076 1335 2387 1393 Tecmesam
2443 1337 2718 1410 inscripsit
2777 1344 2904 1393 tra-

592 1421 840 1496 goediam
895 1438 1047 1477 suam
1102 1427 1156 1476 et
1187 1421 1286 1476 ‘ita
1327 1422 1383 1475 in
1426 1435 1586 1475 scena
1642 1419 1802 1475 iussit
1853 1421 2192 1493 pronuntiari
2245 1418 2403 1495 (ipsa·
2438 1420 2571 1479 Mar.
2616 1420 2903 1477 Victorini

589 1523 685 1582 pg.
731 1505 769 1563 8
817 1504 975 1562 verba
1017 1502 1240 1579 resero).
1328 1503 1397 1560 cs.
1446 1492 1596 1560 et‘d.
1644 1521 1693 1560 r.
1739 1521 1812 1559 m.
1860 1503 2004 1575 387,
2054 1504 2113 1561 8.

758 1606 1031 1666 parergon
1073 1591 1115 1661 1,
1165 1590 1220 1645 1.
1292 1604 1575 1662 querar&
1627 1590 1702 1644 ita
1745 1587 1950 1644 Nonius
1996 1589 2099 1661 20,
2145 1587 2224 1647 26
2281 1594 2463 1648 omnis
2505 1592 2752 1648 ambitus
2798 1594 2903 1648 vel

584 1692 829 1751 ροεναες
875 1675 1019 1748 189,
1066 1672 1145 1733 33
1191 1678 1438 1731 zonatim
1477 1690 1592 1746 per
1630 1689 1900 1747 merum,
1948 1691 1978 1748 y
2023 1675 2079 1730 in
2126 1691 2192 1730 oe
2234 1682 2470 1748 mutata,
2528 1683 2590 1731 ut
2631 1679 2901 1750 lagoena

589 1778 726 1835 quae
758 1755 1032 1838 λάγυνρς.
1067 1789 1148 1802 -
1169 1775 1421 1833 porcas,·
1464 1756 1534 1814 cs.
1565 1767 1780 1832 praeter
1807 1758 1943 1814 Non.
1977 1758 2230 1814 lemmata
2258 1758 2405 1815 Festi
2448 1777 2544 1835 pg.
2578 1759 2721 1818 218.
2757 1759 2901 1818 238

589 1862 711 1902 cum
755 1848 899 1902 notis
943 1843 1206 1901 Muelleri.
1248 1875 1333 1885 —-
1376 1850 1604 1915 rectas,
1649 1842 2009 1916 supplendum
2052 1846 2260 1901 lineas·
2310 1874 2397 1885 -—
2454 1860 2698 1902 cernere
2742 1847 2780 1901 i.
2835 1862 2897 1902 e.

589 1933 879 1988 cernendo
925 1930 1201 2003 efficere3
1255 1944 1575 2002 quamquam
1630 1929 1802 2001 siquis
1822 1924 1831 1935 ”
1845 1929 2112 1984 invenerit
2157 1928 2307 2003 quod
2358 1922 2584 2004 propius
2639 1929 2810 1985 distet
2865 1948 2899 1986 a

588 2015 782 2072 litteris
828 2014 1060 2085 traditis,
1106 2014 1157 2069 ei
1200 2013 1354 2071 facile
1397 2012 1705 2068 concedam.

757 2098 1026 2157 annalium
1069 2099 1111 2171 Ι,
1161 2100 1217 2154 1.
1292 2097 1359 2153 de
1405 2099 1510 2154 boc
1552 2113 1712 2152 versu
1755 2097 1909 2153 valde
1953 2114 2147 2154 vereor
2189 2114 2260 2154 ne
2303 2098 2460 2154 aliter
2501 2100 2669 2156 statui
2715 2116 2902 2173 opor-

587 2192 700 2241 teat
744 2193 905 2258 atque
951 2182 1079 2240 olim
1124 2183 1224 2239 feci
1272 2183 1325 2239 d.
1371 2199 1417 2242 r.
1449 2194 1535 2238 ·m.
1585 2180 1665 2237 27
1712 2198 1846 2238 neve
1889 2180 2195 2239 Priscianus
2239 2184 2421 2257 potius
2468 2200 2627 2257 quam
2670 2183 2899 2240 Nonius

587 2271 741 2327 cuius
785 2272 841 2326 in
885 2267 1167 2325 afferendis
1198 2267 1554 2340 scriptoribus
1583 2283 1793 2323 summa
1836 2267 1980 2323 solet
2022 2276 2144 2324 esse
2189 2265 2324 2325 fides
2369 2270 2569 2326 erroris
2598 2270 2670 2324 sit
2699 2285 2897 2325 arces-

585 2354 805 2411 sendus.
857 2357 1095 2410 -etenim
1141 2370 1260 2409 cum
1291 2352 1593 2408 Priscianus
1638 2351 1674 2406 l.
1720 2369 1792 2408 m.
1841 2361 1966 2409 aute
2010 2368 2225 2409 versum
2270 2353 2337 2409 de
2381 2370 2491 2428 quo
2537 2353 2667 2410 dicit
2713 2363 2899 2428 ponat

587 2439 891 2514 exemplum
935 2438 1039 2495 alvi
1080 2437 1340 2493 feminino
1386 2448 1587 2511 genere
1631 2437 1799 2510 positi
1828 2452 1892 2491 ex
1924 2436 2153 2493 Maronis
2182 2436 2227 2493 11
2255 2436 2421 2511 idem,
2467 2438 2614 2511 quod
2650 2455 2737 2512 ap.
2770 2437 2896 2494 No-

525 2551 528 2556 ·
587 2526 735 2582 nium
766 2524 1009 2600 proxime
1033 2521 1326 2598 praecedit,
1356 2522 1486 2578 satis
1521 2519 1579 2576 lit
1609 2520 1888 2595 probabile
1918 2538 2038 2578 eum
2072 2522 2204 2579 haec
2227 2528 2287 2577 ut
2317 2521 2419 2579 alia
2440 2521 2580 2579 haud
2613 2540 2783 2598 pauca
2816 2541 2893 2580 ex

588 2609 762 2666 Nonio
808 2609 1157 2682 descripsisse
1200 2615 1256 2663 et
1301 2622 1399 2681 per
1427 2619 1668 2662 errorem
1712 2607 1844 2663 satis
1874 2606 2233 2681 frequentem,
2282 2607 2494 2683 qualem
2525 2608 2688 2664 habes
2735 2610 2894 2683 apud

586 2693 894 2751 Diomedem
938 2691 1062 2750 366
1120 2711 1165 2749 s.
1213 2709 1263 2747 v.
1321 2699 1479 2747 necto
1538 2691 1619 2747 vel
1679 2709 1764 2765 ap.
1823 2690 2071 2766 Sergium
2131 2691 2295 2750 1853
2350 2709 2396 2750 s.
2453 2711 2499 2748 v.-
2560 2693 2892 2766 meminenS,

587 2779 901 2836 confudisse
946 2776 1138 2834 adfinia
1180 2777 1385 2833 interse
1427 2778 1758 2850 scriptorum
1805 2776 2130 2833 testimonia.
2204 2786 2259 2833 at
2301 2776 2505 2851 legitur
2533 2778 2588 2833 in
2618 2777 2891 2839 Prisciani

588 2863 710 2921 cdd.
768 2865 971 2921 annali
1026 2861 1089 2927 I,·
1154 2862 1206 2918 id
1262 2877 1388 2917 vero
1457 2862 1634 2935 ipsum
1690 2860 2033 2917 librariorum
2086 2859 2320 2917 arbitriis
2376 2864 2690 2934 provenisse
2745 2865 2891 2919 satis

589 2948 739 3006 firma
797 2949 973 3005 oritur
1031 2948 1283 3021 suspitio.
1368 2962 1560 3019 nempe
1616 2961 1737 3001 cum
1792 2953 1938 3002 esset
1992 2946 2290 3020 antiquitus
2345 2947 2600 3003 traditum
2666 2947 2895 3005 Accius

590 3034 882 3104 annalib.,
935 3031 1014 3088 illi
1070 3031 1287 3089 ultimas
1342 3029 1552 3087 litteras
1612 3043 1770 3087 secus
1813 3031 2155 3104 interpretati
2208 3048 2492 3088 numerum
2549 3030 2669 3087 libri
2714 3048 2892 3105 quem

588 3117 884 3176 desiderari
926 3117 1294 3173 existimarent
1338 3114 1606 3171 addidisse
1661 3124 1792 3171 sunt
1845 3114 2202 3172 existimandi.
2289 3118 2361 3172 ita
2416 3116 2631 3191 saepius
2674 3115 2892 3173 sactum

586 3204 642 3259 in
687 3202 939 3259 Varronis
983 3208 1199 3257 saturae
1244 3199 1406 3257 titulo
1445 3198 1547 3256 illo
1593 3198 1687 3272 qui
1732 3206 1815 3255 est
1862 3199 2239 3257 Prometheus
2278 3201 2445 3258 liber.

755 3285 955 3360 XXVII,
1003 3287 1057 3343 1.
1111 3286 1378 3349 ·metalli,·
1421 3283 1609 3358 glosae
1652 3282 1881 3340 Labbaei
1923 3287 2184 3341 metellus
2218 3279 2488 3359 μίσθιος.

757 3389 805 3428 e.
852 3370 891 3428 l.
936 3371 1044 3427 inc.
1094 3370 1150 3427 l.
1217 3384 1460 3443 cumque
1501 3384 1602 3442 pro
1649 3383 1889 3442 eumque
1900 3392 1920 3433 ,-
1964 3369 2057 3442 qui
2099 3372 2288 3443 imque
2331 3370 2415 3426 vel
2460 3385 2659 3445 emque
2708 3372 2890 3429 Accio

589 3456 909 3527 obtrusere,
974 3471 1085 3512 non
1139 3464 1270 3511 suut
1323 3452 1473 3528 digni
1530 3452 1726 3528 quibus
1782 3452 2192 3527 respondeatur.
2267 3484 2344 3494 —
2410 3455 2547 3527 fere
2600 3472 2723 3512 cum
2777 3474 2894 3530 per

586 3558 647 3600 se
688 3543 929 3617 ineptum
974 3540 1078 3611 sit,
1122 3539 1349 3597 admissa
1394 3554 1553 3611 quam
1597 3554 1707 3595 uon
1751 3537 1877 3595 licet
1934 3537 2051 3594 fieri
2104 3537 2333 3596 elisione
2375 3537 2622 3597 vocabuli
2665 3539 2893 3600 iambici

585 3628 642 3684 iu
694 3625 898 3701 syllaba
953 3633 1110 3682 acuta
1175 3624 1379 3681 fraudis
1439 3624 1705 3698 arguitur.
1776 3654 1850 3663 —-
1915 3623 2131 3695 famuli
2183 3627 2521 3696 epulentur,-
2582 3625 2656 3682 cs.
2716 3626 2772 3682 d.
2834 3644 2892 3686 r.

588 3728 656 3768 m.
706 3710 849 3769 311.
1897 3764 1917 3772 -

758 3795 816 3851 2.
884 3792 1154 3866 fraxinu’
1195 3797 1342 3867 fissa
1381 3793 1565 3866 ferox
1592 3791 1826 3865 infensa
1866 3792 2257 3866 infrenditur3
2298 3801 2429 3850 nota
2457 3793 2895 3855 alliterationem

587 3896 755 3955 paene
801 3880 1035 3937 nimiam.
1081 3908 1158 3919 —-
1206 3878 1565 3950 infrenditur
1605 3878 1643 3933 i.
1688 3893 1734 3935 e.
1781 3878 2058 3934 inliditur.

755 3963 884 4021 Suei
927 3971 1216 4021 moretum.
1288 3978 1477 4018 versus
1520 3969 1604 4017 sat
1648 3962 1790 4032 duri,
1836 3961 1993 4035 plane
2034 3970 2095 4018 ut
2126 3964 2268 4021 Accii
2296 3964 2585 4022 annalium.
2637 3996 2713 4006 -——
2765 3969 2894 4024 dis-

585 4065 849 4121 seruere,
892 4048 966 4107 ci.
1008 4046 1176 4106 Prisc.
1223 4065 1319 4122 pg.
1368 4046 1511 4106 900.

753 4133 1028 4211 pullorum
1060 4133 1115 4190 1.
1188 4135 1292 4204 sie,
1337 4139 1399 4188 ut
1442 4133 1758 4190 columbae.
1811 4161 1877 4172 -
1928 4132 2158 4191 labellis
2207 4137 2557 4192 morsicatim
2599 4136 2855 4196 lus-itant
2878 4165 2894 4196 ε

587 4220 658 4278 cl'.
704 4219 851 4277 Matii
894 4216 1177 4276 mimiamb.
1223 4216 1386 4292 frgm.
1432 4214 1494 4273 4.

758 4305 812 4362 3.
884 4305 1114 4378 fitilla&
1175 4301 1377 4358 Arnob.
1435 4301 1552 4359 adv.
1613 4303 1862 4358 nationes
1917 4301 1994 4375 11,
2051 4318 2105 4376 p.
2169 4302 2246 4360 72
2299 4301 2385 4359 ed.
2443 4303 2692 4360 Oehler.:
2764 4309 2896 4381 ipse

589 4400 766 4450 autem
820 4390 913 4463 qui
968 4387 1203 4444 infertur
1256 4385 1408 4444 cibus
1462 4387 1533 4442 sit
1590 4403 1729 4443 unus
1783 4394 1944 4461 atque
1997 4387 2141 4444 idem
2195 4404 2410 4463 semper
2451 4418 2540 4429 —
2580 4397 2680 4445 aut
2726 4388 2897 4450 fitilla
