3267 5075
1280 408 1502 463 LIBER
1537 409 1659 464 1111.
2476 410 2608 474 209

495 570 595 627 10.
669 570 737 626 de
783 572 879 628 hac
922 570 1045 646 lege
1089 571 1291 630 Gellius
1336 574 1401 646 11,
1433 573 1532 646 24,
1574 577 1642 632 7:

490 656 621 713 Lex
651 655 845 712 deinde
872 657 1097 714 Licinia
1130 667 1320 732 rogata
1350 667 1457 729 est,
1503 677 1642 732 quae
1672 677 1793 736 cum
1824 663 1988 716 certis
2022 659 2231 730 diebus,
2275 662 2419 717 sicut
2449 663 2602 717 Fan·

315 745 438 811 nia,
488 748 754 796 centenos
784 743 925 798 aeris
949 737 1176 816 inpendi
1207 743 1564 816 permisisset,
1610 747 1816 819 nuptiis
1848 744 2088 801 ducenos
2128 745 2354 801 indulsit
2384 747 2607 802 ceteris-

316 842 440 899 que,
473 824 666 881 diebus
710 828 899 882 statuit
942 828 1082 883 aeris
1130 827 1398 895 tricenos;
1455 846 1575 884 cum
1621 838 1676 884 et
1719 832 1896 886 caruis
1952 838 2129 886 autem
2185 839 2242 885 et
2297 828 2607 885 salsamenti

313 918 468 966 certa
501 908 743 983 pondera
775 911 831 967 in
861 910 1113 985 singulos
1144 911 1258 968 dies
1281 914 1679 986 constituisset,
1702 912 1964 988 quidquid
1995 922 2141 970 esset
2174 924 2349 970 tamen
2380 930 2410 969 e
2441 924 2606 987 terra,

314 996 448 1067 vita,
494 993 723 1067 arbore,
767 996 1036 1069 promisce
1091 1003 1253 1069 atque
1304 995 1580 1054 indefinite
1622 996 1818 1073 largita
1862 1006 1975 1068 est;
2029 998 2101 1054 cs.
2156 1000 2314 1055 etiam
2369 998 2602 1055 Macrob.

314 1087 417 1135 sat.
466 1078 558 1152 111,
607 1079 707 1150 17,
754 1078 809 1135 9.
854 1111 937 1120 —-
982 1096 1097 1136 eam
1156 1080 1361 1155 legem,
1422 1099 1560 1156 quae
1614 1100 1727 1139 non
1783 1085 1852 1138 ita
1911 1083 2139 1139 multum
2196 1090 2320 1139 aute
2374 1092 2604 1139 mortem

312 1164 508 1220 Lucilii
556 1162 767 1219 videtur
810 1182 931 1221 esse
975 1164 1101 1237 lata,
1147 1182 1269 1221 cum
1312 1166 1536 1231 Laevius
1582 1177 1846 1223 memoret
1892 1169 2038 1223 notis
2083 1166 2323 1224 versibus

1027 1301 1112 1357 lex
1159 1303 1357 1358 Licinia
1403 1304 1797 1376 introducitur,
1876 1318 1881 1327 ¹

1028 1386 1118 1441 lux
1164 1386 1363 1460 liquida
1407 1387 1579 1444 haedo
1623 1388 1897 1446 redditur:

313 1532 589 1590 falluntur
628 1534 900 1608 insignem
953 1533 1009 1587 in
1063 1533 1282 1589 modum
1340 1536 1433 1608 qui
1489 1551 1611 1590 eum
1671 1535 1952 1634 aequalem
1995 1535 2183 1592 Licinii
2236 1536 2380 1593 illius
2435 1538 2605 1594 fuisse

313 1624 585 1673 statuunt.
673 1633 866 1691 nempe
910 1617 1038 1673 fecit
1081 1618 1409 1674 mentionem
1454 1620 1567 1675 sive
1613 1619 1759 1692 quod
1806 1621 2026 1676 omnino
2081 1620 2362 1677 doctrinae
2403 1623 2606 1678 iactan-

313 1701 412 1758 dae
459 1710 609 1758 esset
651 1701 901 1777 cupidior
955 1718 1051 1757 seu
1097 1703 1282 1776 potius
1328 1705 1450 1776 quia
1495 1704 1650 1778 leges
1709 1714 1834 1777 post
1879 1703 2021 1760 illam
2079 1704 2218 1761 latae
2262 1704 2506 1763 Cornelia
2551 1717 2606 1762 et

313 1786 542 1843 Aemilia
586 1786 753 1862 longe
796 1788 1005 1843 minore
1049 1795 1203 1843 eraut
1248 1804 1405 1861 quam
1453 1787 1540 1844 illa
1584 1790 1889 1846 severitate.

489 1872 589 1927 11.
660 1871 1051 1928 nobilissimum
1098 1871 1231 1927 illud
1262 1890 1357 1947 par
1388 1872 1768 1947 gladiatorum,
1816 1891 1953 1947 qnae
1986 1883 2101 1930 crat
2135 1875 2469 1949 popularitas
2503 1876 2602 1931 Lu-

314 1956 422 2012 cilii
471 1952 758 2028 librorum,
803 1972 972 2031 paene
1017 1958 1070 2012 in
1118 1956 1460 2030 proverbium
1488 1958 1701 2013 videtur
1731 1958 1922 2014 abisse.
1976 1989 2049 1999 —
2099 1960 2450 2017 Flaccorum
2481 1979 2601 2016 mu-

314 2057 486 2111 nere,
540 2049 601 2096 ut
647 2040 784 2097 infra
829 2060 864 2096 α
909 2041 1129 2098 Metelli
1166 2057 1436 2105 munere.-
1490 2052 1576 2098 est
1618 2051 1797 2098 autem
1854 2043 2114 2099 ablativus
2171 2042 2474 2101 absolutus,
2517 2076 2606 2089 —-

316 2142 446 2182 cum
476 2126 835 2183 Pacideiano
867 2130 1226 2199 componitur
1237 2152 1256 2192 ,-
1299 2127 1556 2200 frequens
1601 2127 1877 2200 asyndetis
1921 2137 1977 2183 et
2021 2128 2307 2202 aliquando
2337 2137 2423 2185 sat
2453 2129 2603 2185 duris

316 2210 577 2269 Lucilius.
617 2241 687 2250 —
736 2211 1158 2274 Pacideianus;
1203 2212 1331 2267 baec
1362 2222 1445 2267 est
1476 2228 1599 2267 vera
1631 2212 1800 2268 forma
1833 2213 2089 2284 nominis,
2135 2230 2244 2269 non
2275 2214 2602 2271 Placideia-

315 2312 445 2366 nus,
495 2296 854 2353 pacidianus
869 2321 890 2360 ,·
930 2304 1094 2369 atque
1138 2297 1209 2352 ita
1256 2297 1414 2352 etiam
1461 2313 1546 2370 ap.
1594 2296 1724 2353 Hor.
1771 2305 1874 2353 sat.
1918 2296 1983 2368 11,
2032 2298 2090 2367 7,
2137 2297 2214 2354 97
2263 2297 2352 2353 ubi
2398 2315 2602 2355 memor
2688 2324 2699 2339 ·

319 2379 420 2437 suit
467 2379 615 2436 illius
661 2381 895 2436 bominis
938 2380 1098 2457 scribi
1145 2383 1410 2454 oportuit.
1465 2412 1549 2422 —-
1603 2381 1670 2436 de
1715 2389 1913 2437 eventu
1969 2398 2183 2456 pugnae
2240 2381 2602 2439 Franckenius

316 2480 409 2540 pg.
460 2464 541 2522 23
588 2482 653 2521 ex
696 2466 969 2522 Ciceronis
1015 2463 1079 2520 ad
1125 2458 1293 2533 QJsr.
1341 2483 1424 2540 ep.
1471 2465 1558 2538 111,
1589 2465 1627 2520 4
1673 2466 1948 2522 concludit
1991 2466 2283 2522 auriculam
2329 2467 2600 2523 mordicus

317 2549 546 2607 ablatam
590 2550 909 2610 Pacideiano
954 2550 1018 2605 ab
1065 2553 1393 2624 Aesernin03
1454 2568 1611 2624 quem
1670 2554 1844 2625 ipsum
1901 2552 1966 2607 ab
2012 2551 2316 2608 adversario
2363 2554 2599 2609 occisum

315 2636 529 2690 videtur
572 2636 789 2691 ostendi
831 2633 936 2692 illis
981 2638 1238 2692 occidam
1282 2639 1438 2693 illum
1484 2637 1741 2708 equidem
1786 2653 1833 2692 e.
1883 2655 1936 2710 q.
1979 2655 2023 2692 s,
2077 2667 2150 2677 —
2199 2656 2248 2693 v.
2295 2640 2396 2694 illa
2441 2639 2494 2693 d.
2540 2640 2599 2709 1.,

318 2719 450 2776 haec
491 2722 653 2776 etiam
697 2737 726 2775 a
771 2719 900 2777 Max.
948 2720 1083 2777 Vict.
1130 2720 1365 2777 citantur
1408 2720 1443 2775 1.
1494 2737 1652 2793 quem
1699 2721 1853 2777 attuli
1896 2739 1991 2796 pg.
2044 2722 2196 2790 1613
2241 2719 2330 2776 ubi
2375 2721 2600 2777 videnda

318 2813 503 2861 annot.
548 2813 755 2861 nostra.
1385 2809 1398 2813 ’

489 2888 586 2946 12.
659 2889 917 2948 Lucilius
945 2888 1099 2946 IIII.
1143 2899 1291 2946 recte
1319 2891 1367 2946 si
1397 2892 1718 2946 mutavimus
1763 2889 1910 2965 quod
1950 2890 2156 2965 legitur
2186 2889 2327 2963 apud
2356 2889 2600 2946 Servium

321 2984 541 3047 apparet
599 2972 800 3030 firmari
858 2973 1005 3049 quod
1062 2991 1170 3031 uon
1202 2976 1452 3053 ‚cognito
1496 2974 1644 3031 illius
1687 2974 1809 3031 loco
1868 2975 2230 3048 fragmentum
2277 2975 2381 3030 hoc
2426 2975 2599 3031 Dousa

321 3056 458 3114 libro
504 3066 703 3133 quarto
749 3059 1051 3134 adscripsit.
1130 3060 1341 3115 minima
1388 3069 1535 3118 certe
1579 3060 1891 3116 differentia
1931 3061 2075 3115 inter
2121 3058 2204 3115 Ull
2251 3067 2304 3114 et
2350 3059 2451 3116 1111.
2526 3063 2599 3115 ita

321 3210 462 3285 apud
502 3212 638 3268 Non.
690 3212 844 3283 290,
894 3213 968 3267 11
1017 3213 1175 3269 babet
1219 3212 1256 3266 L
1309 3214 1338 3268 1
1407 3214 1570 3285 Very.
1619 3228 1751 3270 aen.
1805 3214 1902 3269 lib.
1960 3154 2158 3274 IZIIIL·
2211 3212 2291 3267 ib.v
2328 3211 2470 3282 489,
2521 3211 2598 3268 15

320 3295 518 3368 Bamb.‚
549 3296 588 3351 L
617 3296 653 3352 2
682 3299 782 3354 lib.
823 3298 907 3354 VI
929 3314 1028 3371 pro
1058 3299 1152 3354 lib.
1187 3298 1303 3357 III.
1341 3329 1415 3336 —
1450 3302 1503 3353 si
1528 3299 1589 3352 id
1614 3317 1692 3370 q.,
1722 3298 1797 3351 ita
1827 3295 2049 3368 xxviii,
2085 3298 2116 3351 1
2150 3300 2201 3352 si
2226 3298 2287 3352 id
2312 3299 2594 3352 maluerit.

318 3410 404 3421 -
448 3384 621 3438 credo
657 3382 832 3455 fore3
874 3381 942 3438 cs.
977 3382 1030 3437 d.
1062 3399 1107 3440 r.
1139 3399 1210 3442 m.
1244 3381 1384 3442 236.
1412 3413 1490 3423 -
1519 3382 1669 3454 furi,
1715 3383 1789 3436 ita
1832 3380 2067 3455 perbene
2105 3381 2402 3436 mutatione
2431 3397 2602 3453 paene

321 3465 467 3522 nulla
507 3466 816 3527 Tischerus.
901 3475 1088 3523 notum
1134 3484 1292 3540 saepe
1336 3468 1441 3523 hoc
1470 3466 1788 3522 vocabulum
1833 3467 1887 3521 in
1931 3464 2184 3522 conviciis
2228 3463 2525 3520 adhibitum
2570 3482 2598 3520 a

319 3567 552 3610 comlcis.

496 3636 587 3693 15.
654 3636 1013 3711 supplendum
1061 3644 1121 3692 ut
1163 3645 1294 3711 puta
1334 3644 1574 3708 praesto
1621 3640 1692 3693 sil
1738 3635 1820 3691 vel
1864 3617 2057 3691 simile.

495 3722 588 3778 16.
664 3724 901 3792 soletum,
952 3721 1079 3778 llor.
1126 3730 1225 3777 sat.
1272 3721 1313 3794 Ι,
1360 3721 1419 3791 2,
1469 3721 1587 3777 113
1633 3726 1809 3777 inane
1854 3722 2194 3777 abscindere
2239 3722 2415 3776 soldo.

493 3806 620 3865 17.·
663 3808 932 3863 sententia
987 3807 1180 3861 horum
1233 3823 1486 3861 versuum
1538 3805 1873 3861 subobscura
1916 3812 2143 3878 propter
2186 3805 2399 3860 nimiam
2442 3803 2599 3860 Nonii

323 3888 652 3947 brevitatem.
702 3923 785 3931 —-
830 3899 1067 3947 cett-rum
1115 3890 1261 3964 quod
1307 3890 1415 3946 dixi
1460 3908 1526 3945 m.
1560 3889 1661 3946 Rh.
1694 3888 1893 3962 ΧΧΙΙΙΙ,
1925 3887 2046 3944 244
2092 3887 2297 3944 Laberii
2329 3889 2601 3963 fragmen·

324 3983 440 4029 tum
484 3976 626 4048 quod
671 3993 755 4050 ap.
805 3975 1035 4031 Nonium
1080 3976 1190 4050 leg.
1241 3975 1393 4048 119,
1437 3974 1515 4031 27
1572 3978 1647 4030 ita
1693 3973 2033 4029 scribendum
2085 3990 2269 4047 yenus
2324 3966 2595 4048 [generis]

324 4060 510 4138 nostri
544 4076 782 4133 parens,
829 4068 1020 4134 postea
1062 4059 1303 4116 intellexi
1347 4059 1545 4122 firmari
1583 4058 1832 4115 Leidensi
1876 4060 2057 4133 priore
2100 4058 2253 4114 cuius
2296 4057 2500 4130 legitur
2543 4057 2596 4110 in

322 4143 567 4200 lemmate
607 4147 727 4220 ipso
772 4161 800 4200 a
844 4162 927 4219 pr.
975 4161 1045 4200 m.
1088 4161 1271 4217 yenus
1309 4148 1560 4219 yeneriS.
1985 4165 1990 4170 ·

497 4228 589 4287 18.
661 4245 835 4305 yreye
879 4233 1130 4302 concita,
1176 4230 1226 4285 b.
1261 4246 1310 4286 e.
1356 4239 1418 4285 ut
1448 4228 1681 4285 Maronis
1713 4228 1885 4284 verbis
1920 4236 2037 4283 utar
2077 4227 2173 4282 ubi
2207 4225 2462 4298 friyidus
2491 4242 2595 4281 an-

326 4330 441 4370 nus
480 4321 643 4371 trans
678 4322 917 4388 pontum
955 4314 1131 4387 fuqat
1175 4322 1229 4371 et
1274 4317 1449 4370 terris
1488 4317 1715 4370 inmittit
1759 4315 1995 4385 apricis.

495 4398 591 4455 20.
659 4399 911 4456 videntur
953 4399 1092 4475 apud
1123 4398 1354 4491 Nonium
1397 4397 1659 4455 excidisse
1706 4398 1866 4453 verba
1910 4397 2194 4469 scriptoris
2240 4393 2434 4467 quibus
2481 4392 2598 4449 sebi

436 4492 480 4534 Ο.
505 4496 650 4536 Lucili
676 4501 764 4537 sati
750 4509 818 4537 ι.ιι·
846 4498 924 4538 rel,
2106 4497 2171 4545 14
