3267 5075
574 351 659 418 28
1557 354 1774 408 LIBER
1819 357 1887 411 V.

1503 516 1661 582 XIV
1708 518 1848 598 [14]
1879 538 1923 603 g

747 631 959 696 flebile
1006 653 1157 716 cepe
1205 633 1397 697 simul
1440 633 1942 718 lacrimosaeque
1990 634 2213 698 ordine
2261 635 2448 700 balae.

1528 747 1651 814 XV
1698 750 1837 831 [12]
1866 749 1910 813 h

747 863 960 947 lippus
1007 862 1252 927 edenda
1297 865 1427 929 acri
1475 863 1731 930 assiduo
1779 864 2053 950 cepariu’
2100 888 2271 950 cepa.

1519 978 1675 1045 XVI
1722 982 1862 1063 [23]
1893 982 1915 1045 1

746 1142 1520 1166 „„„„„„„„„„„„„
1571 1097 1887 1162 scutulam
1932 1099 1979 1162 li

614 1207 701 1272 25
746 1209 1097 1293 ligneolam
1142 1210 1212 1273 in
1257 1211 1588 1276 cerebrum
1633 1212 1871 1277 inflixit
1937 1263 2336 1284 „„„„„„„

1490 1326 1681 1393 XVII
1727 1330 1867 1411 [27]
1897 1330 1942 1393 k

746 1441 973 1506 fiscina
1017 1441 1231 1507 fallaci
1278 1444 1531 1508 cumulo
1601 1494 2005 1515 „„„„„„„

1357 1558 1578 1624 XVIII
1625 1561 1773 1641 [inc.
1825 1561 1979 1643 127]
2007 1558 2077 1624 l*

746 1724 1152 1745 „„„„„„„
1200 1675 1305 1740 fici
1350 1675 1773 1741 comeduntur
1817 1678 1882 1740 et
1926 1699 2104 1741 uvae.
2206 1711 2213 1718 ·

1514 1789 1670 1855 XIX
1718 1792 1813 1873 [3]
1843 1815 1909 1856 m

675 1893 687 1903 ’
748 1899 938 1990 sicut,
985 1929 1131 1972 cum
1176 1907 1419 1990 primos
1465 1907 1622 1971 ficos
1669 1908 1939 1992 propola
1982 1910 2257 1974 recentis

742 2023 1014 2108 protulit
1060 2026 1124 2086 et
1167 2022 1373 2106 pretio
1420 2023 1671 2108 ingenti
1717 2021 1841 2087 dad
1886 2005 2167 2108 primitu'
2213 2045 2470 2109 paucos

564 2182 806 2247 intyba
843 2181 1124 2247 pluraliter
1148 2183 1334 2234 neutri
1356 2184 1586 2248 generis,
1621 2182 1981 2246 singulariter
2010 2200 2138 2235 vero
2164 2186 2451 2236 masculini
2472 2190 2535 2236 ut
2560 2187 2873 2239 Lucilius

567 2251 668 2316 (ita
707 2267 783 2312 v.‚
827 2250 907 2300 cd.
955 2251 1235 2308 Lucius)
1282 2252 1338 2300 in
1384 2250 1449 2302 V.
1609 2252 1741 2302 XIV
1795 2251 1936 2302 Non.
1972 2254 2095 2314 201,
2141 2255 2172 2302 2
2222 2269 2378 2319 cepe
2413 2255 2631 2318 generis
2666 2258 2870 2307 neutri.

567 2311 874 2369 Lucilius
913 2318 1004 2368 lib.
1044 2320 1102 2369 V.
1209 2319 1305 2369 XV
1363 2319 1502 2369 Non.
1527 2322 1643 2382 201,
1668 2321 1699 2370 8
1738 2335 1898 2385 cepe
1924 2319 2186 2370 feminini.
2244 2321 2670 2373 Luciliuslib.
2695 2324 2762 2374 V.
2804 2351 2870 2360 —

569 2386 889 2438 Priscianus
924 2387 1021 2436 681
1063 2387 1436 2452 antiquissimi
1480 2388 1538 2437 in
1582 2404 1615 2437 a
1653 2403 1864 2453 quoque
1899 2388 2172 2452 singulare
2219 2389 2478 2440 feminino
2520 2405 2723 2455 genere
2761 2391 2872 2442 1100

565 2470 696 2520 cepe
732 2453 803 2517 (v.
839 2453 1051 2518 recte)
1089 2455 1382 2519 protulisse
1403 2456 1773 2507 inveniuntur.
1831 2456 2075 2506 Naevius
2099 2483 2164 2491 —
2190 2457 2499 2509 Lucilius
2535 2457 2870 2520 (Licilius

568 2526 732 2587 Sang.
770 2520 965 2588 Lugd.)
1003 2523 1059 2573 in
1099 2529 1409 2574 saturarum
1434 2523 1527 2574 VI.
1565 2552 1628 2560 —
1667 2542 1735 2576 ex
1766 2524 2067 2587 PriscianO,
2105 2525 2197 2576 sed
2222 2525 2364 2577 citra
2400 2526 2528 2577 libri
2562 2544 2870 2591 numerum,

565 2591 747 2641 adfert
780 2591 884 2640 hoc
918 2591 1075 2655 frgm.
1115 2596 1304 2641 auctor
1340 2609 1589 2657 anonym.
1627 2593 1790 2653 artie,
1827 2609 1965 2659 quae
2004 2599 2214 2657 prostat
2248 2594 2307 2644 in
2344 2595 2423 2645 cd.
2464 2596 2728 2645 bernensi
2767 2599 2868 2646 123

563 2674 702 2709 saec.
740 2658 790 2706 X
824 2674 910 2723 pg.
952 2661 1044 2709 106
1081 2660 1160 2709 ed.
1202 2661 1409 2724 Hagen.
1548 2659 1677 2712 XVI
1739 2660 1913 2711 Prisc.
1951 2662 2049 2711 618
2099 2667 2155 2711 et
2192 2662 2471 2714 sciendum
2509 2664 2650 2729 quod
2686 2679 2867 2728 pauca

561 2727 916 2778 inveniuntur
967 2727 1315 2790 diminutiva,
1368 2743 1505 2793 quae
1549 2745 1659 2778 non
1706 2733 1927 2779 servant
1978 2743 2179 2793 genera
2224 2728 2649 2795 primitivorum,
2696 2736 2760 2782 ut
2798 2758 2859 2768 —

563 2800 776 2844 scutum
813 2791 918 2860 [vel
944 2793 1118 2859 scuta]
1160 2795 1433 2846 scutula
1470 2797 1723 2847 scutella:
1763 2794 2070 2847 Lucilius
2098 2796 2382 2860 (Lucius
2409 2798 2656 2862 Carolir.,
2683 2800 2865 2850 Paris.

564 2865 697 2913 7496
733 2868 788 2912 et
821 2879 855 2912 a
890 2879 970 2928 pr.
1008 2879 1073 2917 m.
1116 2863 1406 2926 Halberst.)
1443 2864 1500 2914 in
1536 2865 1584 2915 V
1621 2865 1735 2929 (VI
1772 2862 1997 2927 Bamb.).
2136 2865 2293 2916 XVII
2347 2867 2600 2919 Leidens.
2637 2869 2704 2918 80
2741 2868 2865 2917 Ser-

563 2931 639 2981 vii
662 2930 730 2980 ad
754 2945 934 2996 georg.
963 2931 1004 2991 Ι,
1034 2933 1159 2982 2663
1200 2931 1447 2981 fiscina
1472 2947 1641 2994 genus
1666 2936 1750 2983 est
1772 2933 1918 2982 vasis
1944 2933 1979 2986 i.
2006 2949 2053 2983 e.
2090 2934 2345 2985 corbulae
2368 2934 2553 2986 brevis
2582 2951 2717 3000 quas
2743 2951 2865 3000 per·

561 2998 745 3048 serunt
781 3000 873 3063 qui
909 3000 1135 3050 arbusta
1173 2999 1521 3050 vindemiant.
1594 2999 1901 3051 Lucilius
1938 3001 1995 3050 in
2033 3002 2240 3066 quinte.
2353 3001 2540 3052 XVIII
2598 3001 2759 3056 Char.
2798 3006 2866 3054 74

562 3066 699 3117 haec
731 3065 867 3118 ficus
903 3073 957 3117 et
993 3065 1096 3117 hae
1133 3066 1254 3116 fici
1290 3074 1345 3118 et
1379 3066 1481 3118 has
1518 3067 1647 3118 ficos
1682 3068 1841 3132 facit3
1878 3069 2169 3132 genetivus
2205 3070 2346 3120 enim
2382 3070 2673 3134 singularis
2699 3071 2866 3121 huius

563 3134 669 3197 fici,
706 3151 816 3185 non
852 3134 1014 3184 huius
1038 3132 1174 3184 ficus
1210 3139 1322 3197 est3
1359 3142 1422 3187 ut
1448 3135 1753 3186 Lucilius
1790 3134 1872 3187 ‘fl
1907 3137 2087 3202 inquit
2111 3152 2154 3187 0.
2185 3155 2233 3203 q.
2259 3153 2301 3188 s.
2340 3166 2405 3173 —-
2441 3138 2585 3189 idem
2611 3142 2708 3190 103
2744 3138 2869 3188 fici

562 3203 777 3254 Ennius
800 3230 864 3239 --
894 3209 952 3254 ct
987 3202 1297 3253 Lucilius
1334 3203 1418 3253 ‘fi’
1455 3205 1638 3270 inquit
1673 3211 1777 3254 etc.
1815 3204 1905 3267 (ad
1941 3204 1976 3254 l.
2014 3204 2064 3254 V
2100 3204 2312 3256 rettulit
2345 3205 2439 3267 M).
2555 3205 2688 3256 XIX
2723 3208 2865 3258 Non.

565 3273 678 3333 154,
713 3274 780 3322 24
814 3271 1055 3336 primiter
1092 3287 1188 3336 pro
1223 3272 1394 3337 prime
1431 3277 1486 3322 et
1520 3273 1833 3338 primitus
1870 3288 1968 3338 pro
2004 3273 2178 3338 primo
2217 3273 2452 3339 (prime
2489 3274 2536 3323 L
2563 3275 2633 3338 2).
2704 3275 2866 3325 Pom·

733 3432 811 3488 22
857 3450 992 3508 cepe
1035 3434 1083 3490 L
1130 3433 1185 3489 1.
1233 3463 1317 3474 --
1361 3433 1499 3490 talae
1529 3434 1597 3490 Μ
1612 3458 1628 3498 ,·
1671 3433 1827 3489 taliae
1861 3433 1987 3503 Sc.;
2034 3434 2208 3508 talpae
2255 3438 2381 3513 cdd.
2524 3435 2603 3493 23
2650 3435 2863 3492 edendo

561 3516 705 3577 Par.
743 3515 924 3578 7496.
973 3547 1053 3557 —
1100 3519 1216 3593 agri
1246 3519 1292 3575 L
1319 3520 1351 3575 1
1384 3538 1454 3576 m.
1485 3521 1542 3591 1,
1574 3519 1789 3576 Amien.
1825 3548 1907 3559 ·—
1939 3519 2154 3576 assiduo
2188 3521 2352 3591 Non,
2386 3538 2483 3594 ap.
2519 3521 2705 3577 Prisc.
2733 3522 2862 3593 fer-

565 3608 662 3658 tur
706 3601 939 3675 assidue,
987 3602 1237 3674 adsidue,
1284 3604 1561 3676 assiduae,
1608 3603 1879 3660 adsiduae.
1927 3635 2010 3644 —
2055 3612 2303 3679 cepatum
2350 3607 2532 3662 Bern.
2595 3606 2729 3663 123.
2778 3637 2864 3644 ——

560 3688 806 3761 ceparius
854 3689 1056 3745 Bamb.
1114 3719 1198 3728 —
1253 3706 1420 3762 coepa
1466 3690 1648 3761 Luyd.
1703 3719 1789 3730 —-
1840 3706 1970 3763 cepa
2027 3689 2307 3746 lacrimosa
2365 3692 2539 3748 Nonii
2593 3693 2719 3747 cdd.
2785 3719 2860 3731 --·

562 3778 699 3826 ante
738 3774 1155 3843 paenultimam
1198 3776 1536 3831 vocabulum
1591 3778 1710 3831 sive
1748 3781 1884 3845 post
1927 3778 2181 3832 ultimum
2224 3778 2455 3849 quidam
2496 3776 2685 3833 Prisc.
2728 3778 2867 3833 libri

563 3858 781 3912 addunt
821 3858 1039 3930 qlosam
1086 3862 1265 3914 variis
1307 3862 1484 3916 modis
1527 3862 1907 3932 depravatam
1953 3854 2442 3936 κρομμυοπῶλης.
2611 3859 2691 3916 24
2736 3878 2862 3917 scu-

561 3941 727 3997 tulam
772 3941 1001 4005 Dresd„
1049 3942 1428 4016 Ertanqensis
1463 3945 1494 3999 1
1529 3946 1774 4008 Krehlii,
1821 3952 2026 4000 scutam
2071 3947 2209 4003 libri
2235 3945 2481 4003 Hertzii.
2526 3977 2611 3987 —
2655 3945 2695 4002 li
2726 3948 2863 4002 add.

559 4027 630 4085 M
635 4051 654 4090 ,-
697 4026 975 4082 scutellam
1025 4027 1326 4099 CorpetuS.
1503 4028 1581 4086 25
1641 4029 1922 4085 cerebrum
1968 4029 2056 4100 M,
2115 4030 2339 4087 cerebro
2391 4034 2517 4088 cdd.
2563 4061 2644 4071 —
2688 4030 2864 4087 infixit

562 4130 633 4181 v.,
684 4129 839 4168 corr.
886 4112 958 4168 D.
1106 4112 1183 4168 27
1231 4115 1373 4169 sicut
1416 4115 1611 4173 Lckm.
1662 4115 2078 4171 comm.1Lucr.
2131 4116 2271 4188 106,
2315 4117 2477 4172 sicuti
2522 4134 2572 4173 v.
2623 4147 2699 4155 -
2745 4116 2859 4190 pri-

536 4213 678 4251 -mus
725 4198 852 4253 cdd.
900 4196 1042 4254 281.
1101 4227 1183 4236 —
1238 4192 1468 4272 propula
1525 4199 1572 4254 L
1606 4200 1636 4254 1
1676 4217 1779 4273 pq.
1830 4198 1970 4257 154.
2146 4199 2224 4257 29
2272 4200 2535 4274 protulit,
2592 4207 2645 4257 et
2702 4201 2861 4272 Iun„

560 4282 766 4352 protuli
807 4283 936 4339 item
982 4285 1191 4355 scripti
1231 4283 1286 4356 (i.
1320 4301 1373 4357 p.
1406 4283 1454 4339 L
1487 4280 1541 4359 1)
1598 4283 1748 4353 1543
1792 4284 2046 4359 pirotulit
2088 4293 2143 4342 et
2173 4284 2246 4340 id.
2281 4274 2400 4343 2'81
2434 4292 2682 4357 excepto
2712 4289 2868 4359 quod

557 4369 615 4422 in
651 4366 724 4439 Β,
758 4367 895 4424 Gen.
943 4370 1156 4442 leqitur
1183 4370 1391 4426 recenti
1423 4368 1716 4443 spirotulit.
1765 4402 1841 4410 ——
1890 4369 2014 4443 dad,
2046 4370 2111 4426 ad
2144 4371 2271 4428 cdd.
2316 4369 2457 4443 154,
2488 4369 2579 4426 dat
2608 4373 2682 4430 id.
2718 4370 2861 4428 281.
