3267 5075
1296 386 1513 440 LIBER
1548 385 1745 441 XXVI.
2582 388 2617 451 7
2624 389 2665 452 9

1340 547 1439 613 IV
1488 545 1620 637 [34]
1653 550 1694 616 d

457 661 503 726 5
548 709 1019 734 „„„„„„„„
1078 683 1198 747 ego
1245 663 1360 728 ubi
1391 685 1591 749 quem
1640 685 1716 728 ex
1761 663 2150 747 praecordiis

552 776 762 841 ecfero
810 798 1062 841 versum
1155 828 1752 849 „„„„„„„„„„

1363 891 1425 958 V
1474 889 1607 980 [64]
1640 915 1675 957 e

552 1007 784 1072 evadat
829 1007 1058 1073 saltem
1105 1008 1345 1093 aliquid
1391 1008 1632 1093 aliquo,
1683 1008 1854 1093 quod
1900 1013 2167 1074 conatus
2214 1031 2357 1074 sum
2400 1053 2438 1073 υ
2462 1063 2503 1075 .-

1340 1122 1436 1188 VI
1484 1120 1618 1210 [59]
1652 1145 1692 1187 a

548 1259 744 1321 porro
792 1238 1047 1303 amicist
1090 1239 1252 1303 bene
1297 1239 1689 1323 praecipere,
1736 1238 1928 1305 Tusci
1974 1240 2137 1305 bene
2181 1241 2563 1324 praedicere.

1326 1353 1451 1419 VII
1502 1350 1634 1440 [23]
1668 1355 1710 1418 b
1791 1425 1806 1441 ο

552 1472 627 1532 ut
672 1489 793 1553 ego
839 1469 1113 1534 efficiam
1161 1469 1332 1555 quod
1375 1472 1441 1532 te
1476 1469 1545 1533 in
1581 1470 1807 1553 primis
1844 1493 2072 1555 cupere
2112 1473 2311 1556 apisci
2348 1473 2671 1557 intellego,

1318 1583 1479 1650 VIII
1529 1582 1664 1671 [50]
1696 1607 1730 1650 c

410 1700 501 1764 10
550 1699 726 1764 hunc
771 1700 1060 1765 laborem
1107 1723 1323 1766 sumas
1331 1751 1350 1785 ‚
1409 1700 1663 1765 laudem
1719 1702 1829 1786 qui
1872 1702 1991 1765 tibi
2039 1724 2113 1766 ac
2162 1701 2442 1767 fructum
2487 1702 2672 1768 ferat.

1342 1813 1437 1880 IX
1486 1812 1621 1902 [49]
1655 1815 1696 1879 d

551 1929 707 2013 quid
755 1929 1107 1995 cavendum
1151 1932 1272 1995 tibi
1318 1953 1634 2015 censeres,
1683 1931 1836 2016 quid
1882 1931 2216 1996 vitandum
2262 1933 2604 1997 maxume?

804 2047 809 2050 ⁴
1361 2046 1422 2110 X
1472 2043 1604 2134 [29]
1639 2069 1673 2111 e

554 2184 907 2245 numquam
944 2161 1105 2245 priu'
1134 2184 1336 2254 Aquam
1374 2185 1571 2236 venas
1607 2162 1889 2226 hominis
1926 2162 2142 2247 tetigit
2170 2184 2244 2227 ac
2281 2164 2668 2247 praecordia.

900 2271 905 2275 ’
1354 2277 1446 2341 ΧΙ
1497 2274 1631 2364 [36]
1663 2278 1696 2340 f

556 2391 652 2455 ita
696 2393 792 2456 uti
828 2394 1095 2478 quisque
1131 2398 1426 2459 nostrum
1465 2416 1499 2457 e
1535 2393 1798 2477 bulgast
1831 2393 2058 2457 matris
2096 2393 2166 2456 in
2200 2393 2408 2458 lucem
2446 2393 2673 2460 editus,

1223 2506 1350 2573 ΧΠ
1398 2505 1542 2595 [inc.
1572 2504 1699 2594 ,66]
1743 2505 1831 2593 g*

558 2624 615 2687 si
658 2624 779 2688 tibi
823 2646 1015 2708 porro
1059 2625 1258 2689 istaec
1303 2646 1406 2688 res
1443 2623 1620 2689 cordi
1656 2623 1975 2709 idcircost‚
2021 2623 2192 2709 quod
2235 2646 2374 2689 rere
2420 2625 2669 2711 utilum,

362 2871 449 2922 M.
487 2871 703 2923 Tullius
726 2899 795 2909 —
820 2873 1133 2924 Lucilius
1156 2872 1253 2924 lib.
1281 2871 1478 2927 XXVI.
1583 2871 1664 2923 IV
1710 2870 1855 2923 Non.
1881 2873 1998 2934 297,
2026 2874 2088 2922 14
2122 2874 2374 2924 efferre
2398 2872 2675 2938 siguificat

364 2939 634 3006 proferre.
686 2967 733 2975 —-
771 2941 1048 3005 Vergilius
1071 2966 1136 2975 —
1164 2940 1475 2992 Lucilius
1499 2939 1594 2994 lib.
1620 2939 1820 2990 XXVI.
1923 2939 1973 2990 V
2014 2940 2155 2990 Non.
2181 2943 2299 3004 293,
2326 2943 2357 2990 2
2393 2942 2675 2992 evadere

364 3009 526 3059 exire
560 3008 792 3058 tendere.
864 3009 1153 3060 Terentius
1191 3035 1253 3044 —
1290 3008 1602 3059 Lucilius
1628 3006 1723 3060 lib.
1750 3007 1931 3059 XXVI
1972 3006 2203 3070 (XXVII
2226 3011 2288 3071 B,
2315 3009 2492 3072 Gen..)
2596 3011 2672 3061 Vl

367 3077 518 3127 Non.
544 3078 663 3139 371,
689 3079 756 3128 33
781 3078 1177 3142 praecipere
1200 3082 1286 3127 est
1308 3076 1489 3126 iubere
1513 3075 1598 3125 vel
1624 3091 1859 3126 monere.
1910 3075 2015 3125 Vei
2017 3073 2183 3139 gilius
2208 3102 2272 3112 —
2296 3076 2586 3129 Terentius
2612 3105 2676 3114 —

373 3141 693 3194 Lucilius
728 3142 825 3196 lib.
860 3143 1060 3195 XXVI.
1162 3144 1269 3196 VII
1313 3145 1451 3194 Non.
1479 3146 1561 3205 74,
1586 3146 1654 3195 29
1689 3143 1911 3208 apisci
1943 3142 2185 3208 adipisci.
2234 3144 2548 3194 Lucilius
2582 3143 2675 3195 lib.

373 3211 583 3265 XXVI.
687 3211 824 3263 VIII
867 3212 1009 3263 Non.
1047 3214 1164 3274 396,
1190 3214 1223 3262 8
1259 3226 1509 3263 sumere
1543 3210 1841 3276 suscipere.
1898 3210 2214 3263 Lucilius
2250 3211 2344 3262 lib.
2367 3210 2568 3262 XXVI.

368 3279 461 3329 IX
507 3279 647 3330 Non.
672 3281 793 3344 437,
819 3280 885 3329 22
909 3279 1055 3330 inter
1088 3295 1321 3329 cavere
1345 3283 1403 3330 et
1427 3279 1648 3329 vitare
1670 3277 1984 3329 Lucilius
2019 3293 2134 3329 esse
2159 3279 2476 3329 distantiam
2499 3278 2678 3330 voluit

370 3347 476 3397 lib.
513 3345 698 3396 XXVI
722 3350 779 3397 et
803 3362 922 3398 esse
947 3346 1070 3437 plus
1096 3348 1287 3397 vitare.
1382 3348 1429 3396 X
1475 3346 1615 3399 Non.
1647 3342 1765 3409 408,
1792 3347 1857 3396 24
1894 3352 2170 3410 tangere
2208 3346 2490 3411 inspicere.
2546 3347 2676 3397 Lu-

375 3414 592 3466 cilius
618 3413 713 3464 lib.
743 3414 937 3466 xxV1.
1011 3413 1121 3464 ·X1
1167 3417 1305 3468 Nou.
1333 3416 1415 3477 78,
1443 3418 1475 3465 3
1499 3430 1543 3465 s.
1574 3431 1621 3468 v.
1659 3412 1864 3478 bulga
1886 3440 1957 3449 —
1979 3413 2227 3464 Lucilius
2252 3416 2558 3476 satyrarum
2581 3413 2677 3464 lib.

376 3484 463 3533 VI
489 3481 757 3533 —Varro
788 3507 842 3517 —
872 3481 1186 3533 Lucilius
1213 3482 1304 3532 lib
1333 3481 1531 3532 XXVI.
1636 3481 1743 3532 XII
1803 3481 1942 3531 Non.
1978 3482 2061 3539 88,
2099 3484 2164 3532 31
2202 3497 2247 3534 s,
2271 3498 2321 3532 v.
2358 3480 2540 3531 cordi
2575 3486 2677 3532 est

384 3576 450 3586 —
485 3548 805 3600 Lucilius
839 3549 934 3600 lib.
970 3549 1153 3600 XXVI
1190 3577 1254 3586 —
1288 3549 1588 3615 idemque
1643 3549 1714 3612 (h.
1751 3565 1803 3603 v,
1842 3549 1978 3598 satis
2018 3547 2372 3613 probabiliter
2404 3547 2608 3598 Lucilii
2639 3548 2675 3599 1.

376 3616 585 3682 XXVI,
612 3618 768 3667 cuius
792 3617 897 3667 tria
922 3617 1244 3669 continuata
1269 3622 1680 3683 praecesserant
1702 3615 1963 3681 exempla,
1987 3616 2271 3667 adscribas
2294 3620 2349 3666 et
2371 3616 2590 3682 ipsum).

465 3873 472 3878 ·
554 3851 593 3908 5
640 3867 778 3924 ergo
826 3850 897 3906 B.
1030 3849 1067 3908 6
1111 3851 1256 3907 idem
1303 3849 1487 3907 effero.
1624 3850 1660 3905 7
1707 3847 1883 3904 evadit
1912 3847 1988 3904 B.
2038 3878 2116 3888 —
2162 3847 2344 3922 aliquo
2374 3848 2458 3921 M,
2502 3848 2679 3923 aliqua

382 3936 514 3992 cdd.
589 3968 595 3975 ·
645 3935 684 3992 8
730 3936 894 3991 atnici
939 3934 1013 3990 B.
1061 3964 1144 3977 —-
1190 3935 1350 3991 Tusci
1393 3935 1507 4006 Me,
1558 3935 1701 3989 tueri
1733 3952 1784 3990 v.
1833 3962 1916 3973 -
1960 3931 2270 4006 praedicere
2314 3935 2480 4006 idem,
2525 3949 2678 4007 prae-

381 4019 564 4076 dicare
609 4021 735 4077 cdd.
870 4018 905 4076 9
951 4017 1178 4075 efficiam
1209 4019 1462 4090 LipsiuS,
1508 4018 1750 4075 ess'uciam
1796 4017 1843 4073 L
1877 4017 1908 4072 1
1947 4036 2021 4074 m.
2060 4018 2117 4090 1,
2162 4017 2395 4073 effutiam
2441 4020 2587 4074 idem
2618 4016 2679 4090 2,

381 4103 638 4178 effugiam
686 4104 750 4160 G.
794 4134 880 4145 —
924 4103 1068 4177 quod
1116 4120 1223 4178 ego
1271 4104 1337 4176 G,
1382 4121 1495 4161 non
1540 4103 1586 4159 L
1634 4101 1943 4158 1.11
2000 4118 2250 4158 censeres
2296 4102 2411 4173 Me,
2456 4118 2678 4159 censere

380 4223 513 4279 cdd.
570 4223 673 4294 (in
698 4222 745 4279 G
800 4228 886 4278 est
938 4192 1129 4277 censer
1130 4191 1208 4295 ε’);
1253 4219 1524 4277 vitandum
1572 4218 1665 4275 tibi
1712 4221 1934 4275 maxime
1979 4217 2026 4276 L
2071 4218 2359 4275 2.12
2405 4235 2678 4291 nunquam

381 4309 472 4363 ed.
525 4306 859 4365 Turicensis
903 4307 1130 4378 Lucilii,
1174 4321 1403 4380 nequam
1451 4306 1578 4361 cdd.
1727 4303 1804 4360 13
1851 4306 1929 4359 uti
1974 4304 2056 4376 M,
2101 4310 2240 4361 utv
2207 4323 2257 4361 v.
2406 4302 2482 4359 14
2529 4303 2680 4360 cordi

382 4390 647 4448 idcircost
690 4391 773 4465 M,
817 4390 1021 4447 idcirco
1067 4398 1151 4446 est
1194 4389 1344 4445 cordi
1390 4391 1517 4446 cdd.
1569 4419 1643 4429 -
1694 4403 1753 4443 re
1794 4390 1959 4460 idem,
2009 4405 2166 4446 corr.
2213 4386 2344 4445 Iun.
