3267 5075
1396 342 1639 401 DUBIA.
2532 340 2657 408 159

1179 452 1191 461 ·
1283 507 1345 573 V
1391 510 1541 590 [inc.
1593 507 1746 589 157]

549 624 795 692 Charis.
840 626 956 689 40:
1004 647 1148 689 cum
1193 645 1347 688 vero
1393 645 1428 687 e
1472 624 1574 687 vel
1619 624 1642 687 i
1686 624 1789 687 vel
1835 647 1878 687 u
1916 624 2297 689 terminatur
2341 624 2659 688 ablativus

356 742 744 828 singularis,
798 763 907 804 um
964 741 1197 823 accipit
1240 741 1306 803 et
1349 738 1507 802 facit
1559 739 1928 823 genetivum
1971 739 2238 822 pluralis
2287 774 2369 785 —-—
2416 739 2658 803 inveni-

352 880 513 922 mus
558 860 781 921 tamen
827 855 998 939 apud
1035 857 1327 919 auctores
1363 853 1559 917 etiam
1593 853 1697 917 his
1734 855 2073 919 contraria.
2145 876 2451 919 nucerum
2487 855 2658 918 enim

355 971 627 1037 Caelius
664 970 842 1054 dixit,
882 968 1225 1034 Lucilius
1271 967 1693 1053 (Caecilius
1730 991 1789 1033 v.
1825 989 1876 1032 6.
1912 967 2019 1052 D.)
2052 973 2350 1033 naterum
2389 1007 2473 1016 —
2512 984 2656 1033 cum

351 1110 511 1151 rum
551 1087 866 1170 syllabam
904 1107 1255 1170 numquam
1292 1084 1565 1168 accipiat
1600 1084 1918 1149 ablativus
1955 1106 1989 1147 e
2025 1084 2242 1149 littera
2275 1086 2657 1151 terminatus

352 1203 495 1267 nisi
544 1224 688 1267 cum
735 1201 1106 1285 producitur
1149 1203 1223 1264 ut
1268 1200 1350 1263 ab
1395 1199 1515 1263 hac
1560 1221 1629 1262 re
1675 1221 1904 1263 rerum.

548 1316 717 1381 Illud
760 1319 1110 1380 naterum
1156 1315 1354 1380 habet
1404 1317 1586 1380 vetus
1632 1315 1829 1379 codex
1876 1314 2158 1399 Dousae,
2213 1315 2402 1400 idque
2446 1317 2657 1400 ipsum

350 1429 518 1498 libri
562 1430 977 1515 Neapolitani
1023 1432 1339 1515 scriptura
1382 1430 1652 1507 indicari
1696 1431 1964 1514 videtur,
2009 1432 2077 1494 in
2124 1454 2250 1515 quo
2296 1454 2657 1496 nauerum

355 1550 505 1615 sive
551 1548 929 1612 nicterum
977 1546 1076 1609 vel
1133 1567 1533 1610 nuccerum
1591 1545 1804 1630 legere
1860 1547 1982 1611 sibi
2027 1547 2202 1611 visus
2250 1551 2349 1611 est
2391 1546 2659 1612 Keilius.

657 1714 668 1717 -
1464 1661 1558 1726 VI
1603 1724 1614 1731 ἢ

455 1752 500 1818 5
545 1751 922 1817 Luciliades.
1626 1764 1633 1771 ’

546 2006 681 2047 11011
727 1982 885 2046 mihi
932 1982 987 2045 si
1031 1982 1292 2066 linguae
1338 1985 1594 2046 centum
1642 1983 1775 2046 sint
1819 2005 2056 2067 oraque
2101 1987 2390 2068 centum,

546 2120 735 2163 aerea
778 2120 920 2162 vox.

1432 2185 1592 2251 VIII

548 2301 736 2368 Serv.·
768 2303 849 2368 ad
896 2325 1034 2367 aen.
1080 2301 1224 2386 XII,
1268 2302 1425 2366 419:
1486 2303 1815 2368 sciendum
1859 2306 2080 2368 tamen
2124 2302 2492 2369 Lucretium
2537 2303 2659 2391 (ita

353 2418 755 2503 Reginensis
807 2418 978 2483 1674
1024 2420 1089 2481 et
1131 2416 1462 2495 Parisinus
1513 2418 1713 2503 7929)
1768 2441 2120 2503 panaceam
2174 2419 2411 2504 ubique
2457 2421 2657 2484 salem

357 2534 606 2620 dicere3
660 2534 830 2599 unde
876 2556 1218 2619 possumus
1274 2536 1339 2597 et
1382 2533 1504 2599 hoc
1548 2536 1692 2600 1060
1740 2536 1939 2599 salem
1983 2514 2374 2622 intellegere.
2422 2574 2506 2582 -
2552 2536 2658 2601 hic
2759 2532 2766 2540 ’

356 2654 541 2716 recte
583 2649 881 2715 Lucretio
936 2649 1251 2715 Lucilium
1307 2651 1716 2715 substituisse
1769 2654 1926 2735 puto
1983 2651 2232 2736 doctos3
2290 2673 2444 2715 nam
2489 2652 2658 2735 apud

357 2767 552 2832 illum
598 2788 679 2830 ne
727 2766 923 2831 semel
969 2765 1227 2850 quidem
1271 2787 1418 2849 pan
1430 2787 1512 2830 ac
1524 2787 1636 2850 ea3
1680 2765 1853 2831 hunc
1890 2771 2104 2831 autem
2143 2768 2198 2831 si
2233 2788 2367 2831 non
2403 2767 2658 2851 ubique,

359 2885 540 2947 certe
593 2881 768 2945 haud
820 2881 1254 2965 infrequenter
1306 2902 1420 2964 per
1477 2871 1689 2947 iocum
1745 2882 1981 2946 dixisse
2036 2883 2236 2946 salem
2290 2896 2657 2966 panaceam,

363 3076 586 3127 modum
623 3077 872 3141 superius
911 3077 1047 3141 (832,
1086 3076 1177 3139 41)
1212 3075 1460 3135 diximus.
1529 3075 1741 3126 Lucil.
1884 3076 1961 3127 VI
2020 3075 2242 3127 Servius
2276 3077 2392 3127 sive
2433 3078 2657 3141 Sergius

364 3147 463 3211 qui
495 3145 701 3195 dicitur
738 3145 1182 3210 explanationum
1215 3145 1273 3193 in
1311 3148 1411 3193 art.
1450 3144 1656 3194 Donati
1690 3144 1728 3195 l.
1763 3144 1791 3193 I
1827 3140 1926 3210 [gr.
1960 3145 2088 3194 Lat.
2125 3144 2254 3208 1111,
2289 3141 2410 3211 527]
2457 3145 2656 3194 Latina

365 3228 508 3279 quae
543 3212 785 3263 Graecae
820 3212 1208 3263 declinationis
1243 3211 1475 3261 colorem
1519 3211 1814 3274 duxerunt,
1856 3211 2123 3262 Graecum
2169 3227 2382 3279 quoque
2426 3213 2658 3261 retinent

363 3285 671 3331 accentum.
743 3296 907 3346 quare
941 3285 1003 3330 111
1047 3279 1319 3329 Miltiades
1363 3278 1714 3345 Asclepiades
1750 3281 1831 3330 ita
1866 3280 2177 3330 Luciliades
2222 3278 2658 3342 (Lucidiades

366 3349 450 3399 cd.
486 3349 854 3410 Lavantinus‚
889 3347 1211 3398 Lutiades
1248 3348 1442 3408 Oxou„
1465 3347 1678 3397 Keilius
1704 3363 1814 3398 non
1837 3354 1985 3398 recte
2019 3347 2370 3408 Laciades)
2411 3353 2469 3397 et
2495 3347 2655 3396 Mem-

363 3417 572 3468 miades
611 3422 671 3467 et
707 3415 983 3484 Scipiades
1017 3421 1200 3477 acuta,
1237 3416 1485 3479 quamvis
1517 3415 1694 3477 brevi,
1732 3415 2061 3481 paenultima
2096 3414 2461 3480 proferuntur.
2497 3441 2561 3449 —
2599 3416 2658 3464 in

365 3483 454 3534 his
489 3500 614 3535 cum
651 3482 748 3532 illa
793 3483 1071 3548 Scipiades
1115 3486 1168 3532 et
1211 3482 1559 3534 Memmiades
1602 3482 1860 3533 Lucilii
1912 3500 1979 3533 66
2024 3483 2275 3532 Lucretii
2323 3479 2656 3547 auctoritate

366 3553 637 3614 nitantur,
673 3552 839 3601 etiam
873 3550 1189 3602 Luciliades
1225 3551 1357 3615 quin
1393 3551 1466 3601 sit
1500 3555 1692 3616 poetae
1715 3551 1915 3602 veteris
1938 3551 2033 3599 vix
2056 3550 2429 3602 dubitandum.
2487 3565 2658 3616 neque

365 3619 585 3671 hercule
609 3619 862 3685 cuiquam
884 3620 1068 3684 aptius
1094 3618 1436 3670 adtribuetm·
1461 3634 1620 3683 quam
1645 3620 1755 3684 ipsi
1778 3618 2015 3680 Lucilio,
2053 3619 2210 3669 cuius
2236 3624 2448 3684 praeter
2482 3633 2659 3668 exem-

368 3686 515 3754 plum
543 3702 710 3753 supra
732 3687 972 3738 adlatum
996 3688 1160 3737 etiam
1182 3691 1265 3737 est
1289 3685 1423 3736 illud
1456 3687 1664 3751 prima
1690 3686 1962 3751 Papiria
1984 3684 2509 3750 Tuscolidarum‚
2546 3688 2660 3738 sive

369 3771 427 3807 se
458 3755 725 3805 indicavit
751 3770 845 3805 seu
865 3755 1067 3805 liberos
1105 3770 1234 3805 suos
1260 3751 1604 3819 (quamquam
1629 3755 1696 3805 de
1722 3752 1872 3820 prole
1895 3754 2010 3804 eius
2035 3753 2251 3804 aliunde
2282 3771 2392 3805 non
2416 3753 2658 3819 constat)

368 3838 469 3874 seu
506 3823 693 3888 potius
730 3823 924 3873 fratris
960 3823 1053 3888 qui
1088 3837 1224 3872 avus
1259 3822 1444 3872 extitit
1477 3822 1670 3887 Magni
1704 3822 1944 3887 Pompei.
1978 3848 2046 3858 --
2083 3826 2320 3872 ceterum
2366 3823 2512 3874 sicut
2547 3822 2659 3872 Sci·
2695 3828 2701 3833 '

368 3891 559 3957 piadas
594 3892 679 3940 ita
714 3890 857 3955 haud
891 3890 1050 3940 dubie
1083 3890 1260 3940 dictus
1294 3890 1464 3939 eidem
1497 3890 1834 3940 nominativo
1871 3904 2001 3941 casu
2037 3890 2369 3941 Luciliadas.
2405 3918 2470 3928 «-
2517 3906 2656 3957 quae

366 3959 614 4024 alloquin
649 3963 843 4008 extant
875 3957 1119 4023 exempla
1153 3960 1651 4023 patronymicorum
1688 3956 1876 4007 talium
1911 3973 1944 4008 a
1967 3958 2191 4009 Latinis
2228 3959 2536 4009 nominibus
2572 3958 2659 4006 de-

365 4027 657 4077 ductorum
693 4025 886 4089 collegi
923 4040 1014 4091 pg.
1052 4027 1152 4076 389
1184 4024 1313 4075 libri
1347 4026 1540 4076 nostri.
1710 4025 1815 4075 VII
1877 4026 2030 4076 Serv.
2071 4025 2138 4076 ad
2173 4041 2290 4075 aen.
2327 4025 2443 4087 V1,·
2467 4027 2590 4085 625,
2626 4026 2658 4073 6

366 4111 422 4147 n.
469 4111 539 4144 m.
585 4109 628 4144 s.
666 4093 702 4143 1.
751 4108 797 4142 6.
842 4109 887 4144 s.
932 4110 980 4144 o.
1027 4107 1073 4146 c.
1128 4093 1345 4143 ferrea
1397 4108 1548 4145 vox:
1610 4093 1858 4142 Lucretii
1903 4108 2095 4143 versus
2141 4092 2393 4145 sublatus
2437 4092 2502 4141 de
2545 4093 2657 4142 Ho-

363 4160 533 4224 'mer0‚
568 4161 665 4213 sed
700 4160 794 4211 ille
830 4176 987 4211 aerea
1021 4174 1129 4210 vox
1164 4160 1315 4212 dicit.
1361 4188 1422 4197 —-
1468 4165 1523 4210 et
1557 4160 1627 4210 ad
1663 4174 1847 4225 georg.
1882 4161 1964 4223 11,
1998 4165 2090 4223 43,
2125 4163 2193 4210 44
2236 4160 2329 4210 ubi
2364 4159 2543 4209 eadem
2579 4174 2658 4209 re-

366 4235 620 4280 currunt:
677 4228 925 4279 Lucretii
960 4243 1164 4284 versus.
1235 4228 1328 4279 sed
1362 4227 1455 4278 ille
1490 4243 1647 4278 aerea
1684 4229 1787 4291 (ita
1824 4228 2037 4290 Lchm.‚
2073 4224 2382 4289 aenea‘v.)
2410 4241 2525 4286 ¹vox
2561 4228 2659 4290 ait,

364 4313 480 4348 non
542 4297 739 4347 ferrea.
800 4322 867 4332 —
927 4296 1060 4346 haec
1118 4295 1333 4346 Lucilio
1393 4296 1637 4347 tribuere
1695 4295 1969 4358 nonnulli,
2030 4296 2280 4345 Lucretii
2338 4295 2397 4344 in
2458 4295 2658 4348 lacuna

364 4371 498 4434 post
533 4365 637 4430 VI,
676 4366 777 4416 839
823 4364 951 4415 olim
984 4365 1166 4430 posita
1201 4364 1373 4415 fuisse
1413 4362 1535 4413 vult
1568 4364 1952 4416 Lachmaunus
1987 4378 2173 4413 comm.
2210 4364 2449 4432 pg.,399.
