3267 5075
722 429 857 493 212
1355 498 1362 513 Ι
1710 427 1930 482 LIBER
1964 427 2032 482 v.

721 594 955 653 iucunda
1009 596 1229 651 minutis
1284 592 1438 666 (nihil
1494 594 1636 649 enim
1701 593 1809 648 huc
1863 594 2099 666 pertinet
2155 592 2287 650 Hor.
2344 600 2447 650 sat.
2501 593 2577 666 ll,
2621 593 2692 666 4,
2739 591 2973 668 12—14)

724 682 1004 820 {aixemqum
1048 679 1297 735 dominus
1352 679 1532 734 statim
1578 677 1682 732 hoc
1725 676 1846 732 cibo
1890 677 2105 751 explere
2158 678 2297 735 velle
2341 680 2487 733 visus
2542 681 2614 734 sit
2668 681 2972 736 convivarum

896 867 953 924 9.
1027 870 1212 930 alma,
1249 864 1423 921 Ceres
1436 889 1455 929 ,·
1518 865 1800 938 epitheton
1860 864 2099 921 additum
2161 882 2283 920 cum
2344 866 2527 921 iocosa
2585 866 2860 940 gravitate.
2912 894 2970 913 .-

714 954 948 1024 plebeS,
994 953 1029 1007 i.
1078 969 1125 1007 e.
1171 954 1541 1007 convivarum
1586 951 1792 1014 turba3
1834 959 1895 1004 ut
1941 949 2192 1006 Horatius
2246 952 2424 1006 multa
2475 957 2779 1022 poetarum
2818 953 2973 1006 veniel

720 1053 948 1108 manus,
992 1037 1214 1093 auxilio
1258 1049 1408 1108 quae
1451 1038 1524 1089 sit
1564 1034 1719 1090 mihi.
1766 1064 1840 1073 —
1886 1034 2080 1105 pam''‚.·
2121 1032 2179 1090 in
2222 1034 2477 1091 Varronis
2523 1034 2701 1092 verbis
2743 1052 2821 1108 ap.
2854 1034 2969 1089 Nou.

726 1120 869 1192 395,
913 1119 952 1175 4
1005 1117 1347 1176 scribendum
1392 1117 1641 1173 existimo
1686 1133 1814 1174 eam
1857 1126 1990 1176 sunt
2037 1120 2332 1176 consecuti
2373 1119 2626 1192 corpori’
2670 1123 2973 1187 siccitatem,

722 1222 832 1261 non
879 1205 1025 1279 quod
1071 1204 1237 1276 vulgo
1281 1203 1484 1274 legitur
1526 1201 1871 1276 adsumptum
1925 1219 1990 1259 ex
2034 1203 2180 1274 481,
2229 1203 2304 1259 17
2363 1208 2662 1275 corporis,·
2714 1203 2826 1260 libri
2864 1220 2969 1259 cor·-

722 1306 899 1362 pore,·
952 1288 1024 1345 cs.
1081 1287 1263 1343 Lchm.
1323 1303 1515 1342 comm.
1577 1290 1733 1342 Lucr.
1790 1305 1883 1360 pg.
1929 1288 2029 1345 29.
2117 1294 2372 1367 potitur,-
2427 1289 2497 1344 cs.
2557 1288 2611 1344 d.
2655 1305 2699 1343 r.
2743 1305 2806 1343 m.
2847 1286 2969 1344 402.

724 1374 907 1429 eadem
965 1373 1264 1446 quantitate
1320 1373 1423 1427 hoc
1485 1371 1796 1426 vocabulum
1853 1388 1975 1426 cum
2020 1373 2304 1428 extulisset
2359 1373 2595 1428 Alcimus
2639 1375 2846 1442 Avitus,
2896 1362 3007 1444 qui'

723 1458 826 1513 suit
868 1458 1023 1513 initio
1078 1473 1217 1512 saec.
1274 1474 1327 1531 p.
1376 1455 1497 1511 Chr.
1544 1474 1597 1512 n.
1650 1456 1742 1531 Vl,
1795 1457 2156 1530 reprehensus
2202 1466 2285 1512 est
2336 1474 2366 1511 a
2402 1458 2711 1513 ·Viventiolo
2763 1458 2971 1512 rhetore.

724 1541 792 1598 de
838 1558 941 1615 qua
986 1558 1044 1597 re
1089 1540 1316 1597 videnda
1361 1557 1498 1613 quae
1542 1542 1760 1613 scripsit
1804 1543 2035 1614 epistula
2078 1540 2144 1597 ad
2192 1543 2336 1598 hunc
2379 1544 2555 1616 ipsum
2590 1541 2728 1599 data.
2793 1558 2898 1598 eam
2935 1539 2972 1595 si

724 1635 871 1699 recte
915 1626 1177 1699 intellego
1223 1626 1312 1698 qui
1361 1632 1491 1680 tunc
1522 1626 1780 1698 temporis
1823 1624 1954 1680 illud
1983 1630 2204 1698 politur
2231 1626 2525 1682 adhibuere
2556 1625 2799 1682 tribrachi
2825 1627 2973 1681 instar

725 1712 1100 1767 auctoritatem
1131 1717 1373 1765 veterum
1417 1716 1546 1764 sunt
1579 1712 1751 1765 secuti
1797 1708 1941 1781 (nam
1986 1719 2042 1765 et
2085 1710 2307 1785 Vergilii
2351 1710 2650 1766 versiculus
2693 1710 2751 1765 ad
2792 1710 2972 1784 opinio·

724 1812 846 1851 nem
902 1793 1212 1850 firmandam
1267 1792 1487 1857 affertur
1539 1811 1567 1848 a
1625 1793 1976 1866 Viventiolo),
2034 1799 2127 1868 qui
2186 1795 2491 1869 produxere
2541 1797 2654 1851 iota
2708 1794 2971 1868 aequalium

724 1881 1002 1935 hominum
1047 1878 1256 1934 iudiciis
1298 1894 1419 1933 sese
1462 1878 1947 1933 accommodavere.
2025 1888 2205 1935 cetera
2252 1890 2429 1951 tamen
2470 1882 2659 1953 utique
2701 1888 2860 1935 aetate
2897 1877 2972 1933 illa

727 1964 894 2019 fuisse
936 1971 1157 2037 quartae
1187 1964 1553 2035 coniugationi
1585 1963 1700 2035 ipsa
1732 1964 1961 2036 epistula
1992 1965 2178 2019 Alcimi
2218 1965 2355 2019 haud
2388 1964 2548 2019 dubie
2582 1965 2784 2019 videtur
2811 1963 2970 2017 asseri.

898 2048 994 2102 12.
1066 2047 1222 2102 verba
1266 2046 1469 2102 domini
1514 2046 1837 2104 iactahuudi.
1930 2095 1936 2100 .

898 2132 996 2190 13.
1072 2133 1231 2187 etiam
1289 2132 1394 2187 hoc
1448 2131 1571 2186 loco
1632 2132 1864 2187 sontium
1922 2132 2115 2205 quibus
2159 2132 2362 2188 Nonius
2418 2150 2552 2189 usus
2596 2141 2683 2189 est
2723 2133 2971 2206 integritas

727 2225 911 2291 aperte
955 2216 1290 2286 declaratur3
1336 2232 1436 2271 nec
1478 2232 1607 2271 vero
1652 2217 1827 2272 minus
1858 2224 2053 2291 stupor
2081 2216 2326 2289 Charisii,
2373 2235 2480 2291 quo
2528 2235 2638 2274 non
2664 2220 2734 2274 ita
2774 2216 2970 2272 multum

726 2301 870 2357 cedit
913 2301 1019 2375 illi3
1066 2317 1186 2356 nam
1230 2302 1346 2374 ipsa
1391 2317 1451 2355 ea
1493 2316 1628 2373 quae
1674 2299 1820 2356 addit
1863 2300 1930 2357 de
1961 2303 2242 2357 occasione
2287 2319 2388 2376 qua
2433 2302 2735 2359 adhibuerit
2765 2299 2971 2356 Lucilius

726 2386 782 2442 h.
831 2405 877 2442 v.
924 2385 1119 2442 docere
1162 2401 1284 2440 eum
1330 2391 1557 2458 potuere
1599 2387 1842 2458 ineptum
1887 2402 2006 2441 esse
2049 2385 2182 2441 illud
2222 2390 2568 2459 perserpsit.
2613 2418 2697 2429 -——
2733 2391 2968 2458 praeten-

726 2487 842 2541 suS,
890 2472 964 2527 ita
1010 2470 1225 2544 saepius
1283 2477 1480 2526 tensus
1523 2471 1576 2524 in
1633 2468 1899 2544 Priapeis:
1957 2487 2157 2545 nempe
2192 2472 2324 2526 illud
2381 2470 2736 2548 exprobratur
2783 2469 2969 2536 domino

726 2557 975 2628 convivii,
1021 2554 1165 2628 quod
1212 2554 1405 2610 herbas
1447 2557 1501 2609 in
1536 2556 1720 2627 quavis
1767 2557 1846 2610 via
1890 2556 2166 2611 hominum
2198 2556 2576 2630 pecudumque
2616 2555 2827 2630 pedibus
2867 2554 2969 2608 trita

727 2647 1014 2696 nascentes
1059 2641 1374 2695 ministrarit
1417 2641 1673 2694 conviviS.
1721 2671 1804 2679 —
1849 2641 1919 2695 ita
1965 2640 2292 2714 Pomponius
2336 2643 2389 2696 in
2436 2641 2713 2697 Placenta:

898 2777 1086 2835 rustici
1130 2776 1298 2833 edunt
1343 2775 1575 2832 libenter
1617 2776 1844 2850 pedibus
1894 2777 2073 2849 tritoS,
2117 2787 2266 2834 atros
2311 2778 2531 2837 intiboS.

729 2917 833 2973 suit
876 2933 997 2972 cum
1041 2914 1383 2981 scribendum
1429 2915 1789 2969 existimarem
1829 2923 2134 2984 pertersus
2162 2918 2274 2972 sive
2315 2925 2685 2989 praetensam.
2727 2945 2805 2957 —-
2839 2917 2966 2970 intu-

730 3003 851 3071 bus,
895 3018 980 3073 ap.
1028 3000 1190 3073 Verg.
1225 3015 1418 3073 georg.
1453 2999 1494 3071 l,
1531 2998 1683 3067 12ος
1733 2999 1836 3069 llll,
1873 2999 1995 3055 120
2040 3002 2272 3074 optimae
2318 3000 2654 3057 membranae
2695 3000 2814 3057 illud
2843 2996 2964 3071 quod

729 3086 999 3147 recentius
1044 3092 1128 3139 est
1171 3083 1378 3138 Lucilio
1426 3085 1622 3142 intiba.

901 3168 998 3241 14.
1068 3187 1259 3259 flebile
1288 3201 1429 3257 cepe
1443 3211 1460 3248 ,·
1505 3186 1670 3240 Varro
1716 3185 1888 3241 Manio
1932 3189 2156 3243 dulcem
2202 3207 2413 3261 aquam
2450 3191 2606 3245 bibat
2633 3151 2891 3245 salubrem
2916 3190 2964 3237 el

726 3272 916 3347 flebile
946 3275 1108 3328 esitet
1139 3285 1298 3342 cepe.
1343 3301 1427 3310 ——
1473 3272 1656 3334 lalae,·
1701 3270 1887 3343 glosae
1918 3271 2192 3327 Philoxeni
2226 3276 2367 3330 talla
2399 3269 2702 3349 κρομμύου
2729 3265 2959 3345 λὲπυρον.

729 3356 957 3431 simplex
996 3360 1017 3413 l
1054 3356 1270 3413 videtur
1310 3372 1607 3429 agnoscere
1649 3353 1841 3410 Festus
1875 3355 1995 3413 359
2042 3360 2216 3413 talam
2249 3357 2591 3431 Cornificius
2613 3361 2815 3431 posuit,
2839 3353 2962 3411 unde

728 3449 787 3581 Ξῖ
830 3445 1102 3584 τιαῖαεὲἔὲ.
1177 3444 1354 3497 talam
1401 3444 1505 3496 alii
1539 3440 1862 3512 folliculum
1892 3457 2090 3513 cepae.
2166 3442 2237 3497 ibi
2282 3442 2449 3499 codex
2496 3444 2576 3499 bis
2608 3446 2810 3513 taliam,
2847 3439 2959 3494 sicut

772 3544 835 3582 au
863 3543 925 3582 us
1102 3568 1117 3582 .

902 3628 999 3685 15.
1071 3630 1201 3684 dicit
1254 3629 1418 3683 nimio
1471 3643 1725 3701 ceparum
1792 3636 1848 3683 et
1889 3619 2127 3683 'telarum
2187 3647 2286 3683 usu
2342 3631 2591 3686 convivas
2646 3630 2709 3688 ad
2759 3627 2957 3684 lacrimas

730 3721 946 3769 coactos
990 3713 1145 3786 plane
1175 3722 1237 3767 ut
1265 3713 1505 3768 solerent
1533 3713 1748 3784 ceparii.
1795 3742 1870 3750 —-
1921 3713 2180 3785 cepariu’
2224 3727 2400 3785 cepa,·
2448 3723 2506 3769 ut
2538 3715 2574 3770 l.
2606 3713 2793 3770 xxvffl
2824 3710 2955 3784 yluti-

731 3803 905 3854 nator
944 3800 1179 3869 ylutino.
1238 3827 1317 3837 —-
1372 3795 1504 3852 illud
1539 3799 1850 3852 lacrimosa
1897 3795 2037 3854 ha'ud
2083 3798 2243 3853 dubie
2298 3798 2398 3854 suit
2448 3798 2819 3855 removendum
2866 3790 2957 3871 (nec

731 3883 977 3956 agnoscit
1019 3878 1364 3956 Priscianus).
1454 3890 1507 3936 et
1550 3890 1698 3938 recte
1743 3880 1893 3936 lunio
1942 3884 2111 3948 visum
2157 3885 2436 3957 irrepsisse
2481 3901 2544 3939 ex
2593 3884 2733 3954 201,
2764 3883 2812 3940 3.
2874 3893 2956 3934 non

731 3969 870 4023 enim
915 3965 1230 4022 crediderim
1275 3966 1441 4021 latere
1484 3966 1694 4041 glosam
1741 3975 1802 4021 ut
1848 3977 1974 4040 puta
2010 3961 2342 4043 κρόμμυον;
2386 3969 2520 4024 aliae
2565 3972 2702 4026 enim
2730 3962 2958 4030 Prisciani,

730 4051 861 4108 aliae
906 4050 1063 4128 Nonii
1106 4048 1350 4106 codicum
1394 4052 1648 4107 rationes.
2105 4053 2112 4061 ⁴

903 4154 1001 4212 16.
1059 4154 1377 4214 scutulam3
1419 4151 1726 4208 diminutiva
1755 4154 1925 4209 forma
1960 4171 2114 4211 usum
2160 4172 2280 4211 esse
2310 4156 2362 4211 h.
2398 4154 2432 4210 l.
2478 4155 2539 4211 L.
2573 4158 2783 4213 omnino
2821 4151 2959 4208 firma·

733 4246 823 4294 tur
881 4237 1056 4293 verbis
1121 4236 1392 4292 Prisciani.
1465 4265 1547 4275 -——
1616 4241 1662 4292 li
1721 4255 1822 4311 pro
1885 4241 1995 4303 iun}
2064 4239 2132 4299 cs.
2203 4255 2338 4314 quae
2402 4243 2584 4297 notavi
2650 4241 2712 4297 ad
2764 4233 2960 4301 xxvuu,

733 4322 811 4378 63
857 4329 912 4377 et
968 4322 1021 4377 d.
1065 4339 1107 4378 r.
1155 4338 1225 4376 m.
1280 4320 1422 4377 304.
1482 4348 1564 4358 -
1617 4323 1862 4394 inflixit,
1918 4322 2169 4381 dominus
2227 4327 2336 4380 sive
2381 4327 2768 4382 convivantium
2809 4318 2961 4395 aliquis

731 4421 908 4461 servo.
