3267 5075
1247 455 1465 511 LIBER
1498 457 1567 512 V.
2419 459 2550 523 211

271 642 390 682 aen.
430 623 584 696 vnn,
616 623 741 682 638
784 631 996 679 veteres
1042 622 1105 678 ad
1151 621 1285 678 illud
1329 631 1516 679 macte
1560 623 1758 680 addere
1807 624 2001 681 solitos
2045 632 2191 695 esto,
2252 643 2359 681 non
2404 635 2553 684 caret

267 726 353 766 res
397 708 822 783 exceptionibus
909 724 1030 763 nam
1076 717 1132 763 et
1175 707 1364 763 Cicero
1408 708 1542 764 dixit
1590 703 1781 785 ['l'usc.
1827 708 1921 766 lib.
1968 709 2006 780 Ι,
2040 710 2140 787 17,
2172 708 2285 775 402
2330 710 2393 766 ad
2441 712 2551 772 Att.

268 794 375 866 xn,
408 795 466 865 6,
497 788 566 869 3]
612 800 803 849 macte
847 796 1058 849 virtute
1102 808 1203 847 nec
1247 793 1422 848 minus
1455 794 1644 848 Accius
1690 792 2045 867 Neoptolemo
2090 803 2275 851 macte
2318 795 2408 852 his
2451 815 2547 852 ar-

266 883 390 949 ηιίε,
431 886 619 935 macte
648 880 883 935 virtutei
917 881 1127 949 patris,
1189 877 1259 932 ita
1299 878 1501 951 quippe
1530 876 1904 946 scribendum3
1950 879 2164 934 codices
2210 878 2405 935 habent
2436 885 2549 937 vir-

267 969 438 1020 tutem
481 964 594 1019 sive
639 965 855 1020 virtuti.

433 1048 488 1106 2.
561 1055 785 1121 apparet
830 1046 1039 1102 dativos
1084 1062 1204 1101 esse
1247 1044 1336 1101 illa
1378 1048 1529 1117 loco,
1574 1051 1828 1120 remoue,
1875 1050 2056 1105 cordi.
2104 1078 2178 1088 —
2228 1048 2359 1105 dicit
2394 1048 2551 1105 Luci-

266 1132 368 1189 lius
410 1149 471 1190 se
515 1130 823 1188 valetudine
852 1129 1098 1205 impediri
1142 1147 1209 1186 ne
1239 1131 1464 1186 amicum
1494 1130 1653 1186 aliter
1684 1148 1840 1205 quam
1870 1149 1970 1206 per
1998 1133 2283 1207 epistulam
2328 1133 2546 1189 salutet.

434 1217 489 1275 3.
560 1222 754 1273 sentes
796 1215 1046 1271 videntur
1089 1214 1264 1270 dictae
1293 1231 1497 1287 curae,
1544 1223 1606 1271 ut
1649 1233 1732 1289 ap.
1765 1215 1895 1272 Hor.
1931 1234 2016 1291 ep.
2050 1217 2092 1291 1,
2128 1217 2226 1290 14,
2257 1217 2295 1273 4
2341 1222 2550 1290 spinas

264 1305 522 1360 animone
566 1317 670 1376 eqo
709 1301 927 1373 fortius
970 1317 1046 1355 cm
1093 1306 1153 1355 tu
1199 1303 1416 1357 evellas
1460 1319 1638 1374 a9r0,·
1692 1318 1803 1357 non
1847 1303 1989 1357 enim
2043 1300 2362 1359 crediderim
2418 1304 2549 1360 haec

264 1385 420 1442 verba
465 1386 770 1460 accipienda
813 1385 880 1440 de
924 1402 1057 1458 apro
1101 1386 1213 1440 sive
1258 1386 1451 1441 echino
1495 1403 1524 1440 a
1570 1384 1915 1441 venatoribus
1959 1393 2170 1464 vexato.

425 1470 486 1527 4.
530 1471 722 1527 statuit
751 1469 935 1524 lunius
961 1470 1064 1525 hoc
1088 1469 1451 1542 fragmentum
1480 1469 1620 1524 idem
1645 1485 1766 1526 esse
1788 1487 1908 1526 cum
1932 1472 2177 1544 proxime
2198 1488 2546 1546 praegresso,

265 1554 333 1611 ibi
376 1564 438 1612 ut
478 1557 549 1611 sit
591 1553 965 1629 reponendum
1014 1553 1240 1626 fundus
1295 1570 1394 1627 pro
1445 1561 1673 1626 pectus,
1773 1554 1979 1615 facilius
2036 1555 2256 1612 hercule
2310 1556 2548 1613 adducor

265 1648 321 1695 ut
365 1640 599 1713 credam,
644 1639 909 1695 Donatum
955 1638 1164 1712 lapsum
1207 1639 1496 1707 memoria3
1542 1639 1637 1694 sed
1669 1638 1800 1694 nihil
1850 1639 2070 1712 impedit
2115 1641 2244 1713 quin
2277 1642 2549 1698 existime-

264 1741 378 1781 mus
408 1726 567 1781 huius
596 1724 801 1799 pariter
831 1733 994 1796 atque
1025 1723 1180 1778 Gellii
1210 1722 1477 1796 Noniique
1508 1731 1656 1780 recte
1688 1722 1884 1779 habere
1918 1726 2306 1781 testimonium.
2363 1725 2546 1781 eadem

264 1817 317 1865 et
354 1809 561 1866 Dousae
608 1807 813 1884 opinio.
860 1838 944 1847 —
988 1814 1103 1864 stat
1144 1807 1385 1864 sentibu’
1427 1807 1689 1879 fundu-s,-
1732 1809 1805 1863 ita
1849 1806 1983 1864 dixit
2028 1808 2284 1864 ’τΓίιίηἰιιε

425 1938 598 2013 adque
658 1937 792 2010 (sive
844 1938 1073 2019 adquaer')
1130 1935 1265 2075 111Ἒά
1324 1944 1447 1992 ante
1504 1931 1716 2009 partum
1776 1937 2050 2007 comedet,
2115 1937 2267 1994 fundi
2326 1937 2544 1995 stabunt

1064 2022 1205 2076 senti
1246 2037 1340 2088 us·,

265 2159 317 2206 et
356 2151 411 2206 in
454 2151 616 2208 simili
657 2151 930 2207 sententia
973 2148 1260 2205 Caecilius:

424 2281 511 2341 hic
552 2279 727 2350 amet,
775 2279 911 2335 same
955 2277 1182 2334 familiae
1226 2286 1483 2352 pereant,
1529 2279 1662 2353 ager
1705 2289 1884 2335 autem
1925 2287 2037 2335 stet
2078 2279 2361 2337 sentibus?

425 2418 483 2476 5.
554 2433 782 2476 merore
824 2424 1089 2491 metuque
1101 2441 1119 2479 ,-
1160 2415 1444 2472 Lucretius
1475 2415 1561 2487 Vl,
1596 2416 1758 2474 1183
1782 2419 2137 2488 perturbata
2168 2422 2345 2475 animi
2382 2436 2546 2477 mens

266 2506 319 2560 in
358 2521 582 2562 merore
625 2510 907 2576 metuque.

426 2590 478 2647 6.
514 2590 618 2646 hoc
660 2590 1023 2663 fragmentum
1069 2604 1197 2643 sane
1228 2586 1691 2660 elegantissimum
1739 2587 1934 2660 quihus
1967 2590 2224 2645 monstris
2270 2589 2541 2647 foedarint

271 2673 501 2731 homines
544 2675 692 2730 docti
736 2673 998 2747 neglectis
1044 2673 1244 2746 pariter
1287 2671 1545 2727 librorum
1578 2673 1903 2728 auctoritate
1947 2682 2002 2728 et
2043 2675 2248 2729 ratione
2277 2678 2543 2731 sermonis

268 2755 430 2814 Latini
480 2775 756 2833 sensuque
810 2758 1081 2814 communi
1135 2757 1313 2812 dicere
1367 2772 1477 2811 non
1534 2758 1746 2812 attinet.
1801 2787 1884 2797 ——-
1941 2758 2413 2823 Eisocratiumst5
2470 2762 2541 2815 ita

270 2845 537 2918 scripserit
565 2842 802 2899 Lucilius
848 2858 1070 2898 suorum
1112 2842 1390 2897 homiuum
1437 2859 1503 2897 an
1536 2841 1863 2898 Graecorum
1893 2849 2114 2898 secutus
2159 2860 2384 2916 morem,
2431 2861 2541 2900 non

270 2928 388 2983 satis
443 2937 673 2985 constat.
760 2944 881 2984 nam
937 2927 1098 2983 etiam
1140 2918 1509 3002 Εἰσοκρᾶτης
1554 2927 1855 2999 reperitur;
1912 2926 1984 2982 cs.
2031 2926 2194 2982 Bastii
2248 2936 2410 2984 notae
2457 2929 2540 2986 ed.

272 3010 505 3086 Gregorii
547 3011 809 3070 Corinthii
854 3029 884 3067 a
927 3010 1216 3067 Schael'ero
1260 3020 1477 3067 curatae
1519 3027 1614 3083 pg.
1664 3010 1805 3066 720.
1868 3011 2000 3067 illud
2043 3007 2414 3088 ληρῶδεςᾳιιε
2460 3014 2542 3084 (ut

269 3111 419 3171 supra
463 3093 707 3173 τεχνίον)
765 3095 1039 3170 praeclaro
1084 3097 1306 3151 invento
1351 3093 1537 3154 elicuit
1580 3094 1822 3169 Scaliger
1863 3112 1926 3150 ex
1972 3112 2038 3151 eo
2085 3096 2231 3170 quod
2285 3107 2372 3153 est
2427 3098 2543 3154 sere

272 3181 511 3240 traditum
555 3183 850 3255 antiquitus
883 3172 1503 3254 ΟΧΛΗΡΩΔΕΕψιες
1551 3179 1619 3234 cs.
1653 3181 1770 3234 eius
1812 3180 1938 3235 lect.
1979 3181 2184 3237 Auson.
2226 3180 2283 3251 2,
2315 3182 2374 3237 4.
2452 3181 2540 3237 lit-

274 3271 405 3321 terae
445 3260 551 3325 ΟΧ
598 3266 780 3322 nescio
825 3283 889 3320 an
936 3269 1007 3320 ita
1051 3265 1376 3320 accesserint
1422 3263 1584 3319 verbo
1630 3262 1731 3336 illi,
1778 3265 1923 3337 quod
1964 3274 2147 3321 vetere
2177 3266 2542 3362 ‹li-ttographia

271 3357 378 3405 erat
415 3353 675 3426 scriptum
708 3345 759 3409 Χ
790 3367 951 3428 supra
984 3341 1699 3408 (ΥΜΜΕΙΡΑΚΙΩΔΕΕ.
1752 3379 1825 3389 -
1877 3348 2125 3404 Hertzius
2172 3351 2346 3404 minus
2391 3358 2539 3406 recte

273 3422 629 3511 dztnqdvque.

427 3521 543 3577 7—
551 3519 652 3578 24.
721 3519 786 3575 ad
836 3536 998 3576 cenae
1040 3520 1277 3575 rusticae
1320 3517 1740 3591 descriptionem
1785 3534 1940 3591 quam
1984 3519 2194 3573 irrisam
2240 3517 2304 3573 ab
2334 3517 2541 3576 Lucilio

273 3599 310 3658 1.
338 3602 379 3658 V
416 3614 605 3661 auctor
648 3612 732 3660 est
775 3604 1045 3662 Charisius
1088 3603 1229 3659 sacili
1274 3618 1437 3676 opera
1465 3602 1659 3658 referri
1701 3611 1930 3675 possunt
1973 3602 2136 3676 srgm.
2186 3602 2346 3658 huius
2387 3604 2541 3660 volu-

276 3687 418 3745 minis
459 3698 541 3746 sat
583 3689 771 3760 multa,
820 3686 1012 3762 quibus
1057 3686 1236 3743 addidi
1279 3704 1445 3761 pauca
1491 3686 1643 3743 nullo
1688 3685 1806 3743 libri
1854 3703 2077 3742 numero
2123 3688 2400 3762 insignita,
2444 3689 2540 3745 sed

277 3787 397 3844 quae
438 3775 563 3831 haut
606 3773 944 3831 incommode
998 3772 1062 3828 ad
1118 3771 1340 3828 eandem
1395 3781 1621 3845 possent
1672 3773 1931 3827 revocari.
2029 3770 2200 3827 simile
2256 3789 2539 3847 argumen-

277 3862 377 3913 tum
428 3859 638 3915 videtur
681 3858 850 3914 fuisse
893 3858 928 3913 l.
977 3857 1104 3914 XlV.
1159 3887 1233 3895 —
1297 3865 1538 3912 ceterum
1592 3855 1870 3911 Horatium
1925 3873 2111 3912 cenam
2169 3874 2277 3913 non
2324 3858 2539 3932 quidem

276 3944 508 3999 rusticam
551 3942 646 3999 sed
693 3953 872 3998 tamen
925 3942 1263 3998 iniucundam
1292 3941 1538 3996 ‘hominis
1582 3941 1748 4013 inepti
1797 3940 1979 3995 ultima
2024 3940 2060 3996 l.
2106 3940 2150 3996 ll
2194 3950 2373 3997 satura
2419 3959 2539 4015 per-

277 4026 536 4084 strinxisse
581 4036 792 4084 notum.

429 4113 486 4171 8.
554 4115 877 4171 decumana
921 4129 1059 4175 ova,·
1115 4127 1237 4166 cum
1278 4110 1371 4165 illa
1414 4112 1721 4166 decumani
1767 4112 1985 4183 fluctus
2039 4127 2101 4165 ex
2145 4109 2331 4166 Lucilii
2388 4109 2556 4165 libris*

273 4206 385 4250 esse
422 4198 588 4271 petita
617 4196 812 4253 Lucani
857 4196 1077 4252 scholiis
1107 4193 1466 4250 Beruensibus
1507 4192 1915 4267 comprobetur,
1963 4192 2100 4249 haud
2132 4193 2361 4249 absurde
2390 4196 2538 4249 coni-

225 4311 232 4317 -
276 4292 389 4335 cere
426 4282 551 4339 mihi
580 4281 783 4337 ·videor
825 4281 986 4339 etiam
1028 4278 1355 4354 praecedens
1398 4279 1588 4335 lemma
1634 4279 1865 4335 indidem
1911 4277 2151 4334 ductum.
2218 4286 2272 4333 et
2303 4277 2535 4334 delecta-

279 4367 380 4419 tum
405 4363 662 4423 Lucilium
705 4364 964 4423 vocabulo
1008 4363 1156 4439 quod
1200 4371 1287 4419 est
1315 4363 1641 4420 decumanus
1687 4373 1769 4419 sat
1810 4370 2042 4418 constat.
2088 4392 2175 4403 --
2215 4364 2536 4419 decumana

281 4462 403 4513 orm,-
453 4450 638 4507 irridet
683 4451 832 4525 quod
877 4450 960 4506 his
1006 4450 1348 4524 potissimum
1393 4464 1523 4505 cena
1566 4449 1853 4503 incohatur
1896 4447 2008 4504 sive
2051 4449 2175 4521 quia
2215 4447 2324 4503 sint
2362 4446 2536 4504 minus

2002 4543 2114 4597 14*
