3267 5075
695 387 822 452 308
923 388 1022 442 AD
1064 385 1528 443 SCRIPTURAM
1562 385 1866 441 RECTAM
1901 385 2309 443 VERBORUM
2347 386 2542 453 QUAE
2583 383 2938 442 SPECTANT.

781 624 911 696 AD
969 623 1566 697 SCRIPTURAM
1620 622 2011 695 RECTAM
2064 621 2584 696 VERBORUM
2640 623 2868 707 QUAE

1605 742 2000 809 SPECTAN
2000 742 2072 807 T.

1814 901 1847 964 I

873 1021 1136 1098 Quintil.
1182 1019 1330 1083 inst.
1377 1039 1465 1082 or.
1511 1012 1563 1100 I,
1611 1017 1670 1101 7,
1719 1017 1801 1081 14
1856 1016 2257 1091 semivocalis
2313 1018 2640 1102 geminare
2694 1018 2793 1081 diu
2831 1039 2939 1081 non

691 1138 815 1201 fuit
859 1134 1263 1201 usitatissimi
1299 1132 1497 1197 moris
1544 1130 1799 1216 (melius
1846 1131 2017 1196 docti
2061 1153 2213 1203 n.on
2258 1152 2320 1228 g.
2358 1132 2415 1196 d.
2453 1132 2495 1196 f.
2533 1156 2594 1197 u.
2630 1134 2739 1219 m.)
2760 1136 2938 1217 ‘atque

691 1275 724 1316 e
771 1252 1093 1316 contrario
1140 1270 1339 1333 usque
1400 1247 1480 1311 ad
1524 1247 1794 1311 Accium
1849 1250 1914 1310 et
1957 1248 2128 1311 ultra
2172 1250 2498 1329 porrectas
2546 1249 2813 1331 syllabas
2852 1268 2936 1331 ge-

689 1367 882 1431 minis
930 1369 1002 1429 ut
1047 1366 1179 1430 dixi
1222 1363 1551 1429 vocalibus
1598 1363 2007 1446 scripserunt.
2503 1354 2507 1358 ’

865 1481 1005 1546 Vel.
1050 1479 1253 1565 Long.
1299 1478 1476 1543 2220
1528 1500 1682 1541 nam
1736 1500 1855 1542 nec
1899 1477 2153 1542 Attium
2201 1479 2402 1543 secuti
2447 1501 2667 1543 sumus
2727 1498 2937 1560 semper

687 1599 940 1663 vocales
987 1596 1451 1681 geminantem,
1504 1593 1890 1677 ubicumque
1935 1582 2307 1677 producitur
2354 1594 2624 1677 syllaba,
2671 1594 2934 1678 quoniam

687 1711 982 1795 expedita
1026 1711 1217 1775 debet
1261 1731 1399 1774 esse
1446 1708 1734 1774 condicio
1786 1708 2123 1772 scribendi.

864 1825 1138 1891 Scaurus
1166 1824 1343 1890 2255
1379 1825 1658 1908 primum
1692 1823 1891 1908 igitur
1925 1845 2045 1907 per.
2075 1823 2495 1888 adiectionem
2533 1824 2647 1887 illa
2677 1825 2936 1889 videntur

686 1964 823 2008 esse
879 1943 1137 2024 vitiosa,
1201 1940 1370 2024 quod
1424 1939 1659 2004 Accius
1715 1939 2055 2023 geminatis
2109 1939 2438 2003 vocalibus
2496 1939 2686 2003 scribi
2739 1941 2936 2003 natura

684 2059 912 2141 longas
960 2055 1229 2141 (longa
1274 2052 1396 2140 cd.)
1443 2055 1724 2138 syllabas
1769 2054 2000 2138 voluit,
2045 2076 2191 2118 cum
2238 2054 2476 2138 alioqui
2523 2054 2765 2119 adiecto
2807 2050 2934 2138 (ab-

683 2173 749 2236 ie
762 2176 884 2236 cto
938 2170 1060 2256 cd.)
1128 2171 1229 2236 vel
1285 2170 1539 2234 sublato
1595 2170 1775 2252 apice
1828 2168 2253 2254 longitudinis
2311 2173 2376 2233 et
2428 2169 2758 2234 brevitatis
2805 2171 2936 2232 nota

682 2288 890 2371 possit
936 2285 1204 2351 ostendi.

759 2466 768 2471 .
858 2400 1018 2465 Mar.
1053 2400 1222 2465 Vict.
1261 2402 1300 2466 8
1350 2421 1619 2484 cumque
1665 2400 1863 2484 longa
1909 2399 2158 2483 syllaba
2203 2399 2541 2464 scribenda
2586 2402 2764 2482 esset,
2803 2398 2934 2462 duas

681 2516 934 2604 vocales
1009 2512 1301 2603 (Accius)
1372 2515 1656 2600 ponebat
1727 2513 1851 2600 (ita
1918 2513 2335 2607 Ritschelius3
2408 2515 2790 2598 ponebant
2849 2510 2935 2608 ῃ),

681 2635 1128 2715 praeterquam
1175 2652 1337 2715 quae
1382 2632 1452 2694 in
1496 2631 1520 2694 i
1564 2631 1817 2695 literam
1862 2630 2237 2695 inciderant.
2325 2630 2495 2694 hanc
2554 2632 2722 2697 enim
2769 2651 2870 2714 per
2906 2648 2933 2690 e

683 2751 747 2811 et
791 2748 813 2811 i
861 2746 1183 2811 scribebat
1228 2746 1714 2831 (scribebant
1759 2745 1922 2829 edd.;
1970 2746 2361 2811 scribebat
2403 2742 2826 2828 Rit'schelius).

625 2861 664 2890 β
1790 2859 1856 2924 Π
2914 2865 2936 2876 ·

858 2976 1226 3042 Priscianus
1273 2976 1404 3042 556
1461 2966 1744 3041 ostendit
1786 2973 1998 3041 Varro
2056 2976 2126 3040 in
2170 2977 2378 3060 primo
2435 2976 2512 3042 de
2562 2976 2793 3063 origine
2836 2974 2935 3038 lin-

682 3113 847 3179 guae
891 3091 1160 3157 Latinae
1204 3092 1307 3156 his
1353 3091 1591 3157 verbis:
1647 3095 1722 3155 ut
1764 3090 1886 3156 Ion
1932 3091 2181 3175 scribit,
2236 3092 2463 3175 quinta
2515 3091 2802 3156 vicesima
2854 3089 2938 3152 est

678 3209 867 3273 litera
912 3229 1106 3292 quam
1152 3209 1387 3272 vocant
1423 3227 1632 3291 agma,
1679 3207 1857 3271 cuius
1895 3206 2105 3271 forma
2139 3206 2334 3290 nulla,
2382 3209 2480 3270 set
2524 3205 2644 3291 (ita
2674 3203 2931 3268 Ritsche-

679 3323 804 3387 lius
850 3344 1079 3387 comm.
1126 3321 1203 3385 de
1251 3342 1421 3385 mon.
1468 3321 1667 3406 epigr.
1711 3322 1919 3386 tribus
1965 3341 2071 3405 pg.
2117 3321 2222 3405 24,
2268 3321 2404 3386 cdd.
2450 3322 2660 3385 nulla
2701 3321 2808 3383 est
2848 3314 2932 3401 et)

683 3459 804 3522 vox
852 3431 1207 3515 communis
1256 3439 1355 3499 est
1390 3433 1652 3499 Graecis
1664 3440 1765 3524 ⁴‚et
1807 3435 2058 3500 Latinis
2103 3439 2177 3499 ut
2221 3436 2323 3500 his
2370 3436 2581 3501 verbis
2627 3434 2929 3521 ‘aggulus',

683 3555 1003 3646 ‘aggeus',
1087 3551 1417 3636 ‘agguilla’
1493 3549 1825 3636 (aggilla
1897 3549 2187 3634 Carolir„
2266 3552 2580 3636 aggula,
2649 3551 2756 3615 vel
2821 3567 2927 3632 ag-

683 3666 876 3750 gilla
922 3688 1003 3729 m.
1042 3667 1100 3749 2,
1149 3662 1360 3749 Sang,
1406 3666 1721 3750 agguila
1763 3664 2010 3752 Lugd.),
2059 3666 2428 3750 ‘iggerunst
2498 3666 2570 3730 in
2616 3666 2741 3730 eius
2779 3659 2929 3727 modi

682 3778 911 3844 Graeci
968 3783 1033 3843 et
1085 3781 1317 3845 Accius
1372 3782 1593 3845 noster
1645 3780 1801 3844 bina
1854 3801 1897 3865 g
1948 3781 2260 3864 scribunt,
2317 3781 2427 3844 alii
2471 3803 2518 3845 n
2564 3784 2628 3845 et
2671 3801 2734 3865 g,
2782 3773 2926 3862 quod

679 3896 749 3959 in
801 3895 927 3959 hoc
981 3896 1314 3960 veritatem
1376 3895 1590 3960 videre
1654 3895 1840 3960 facile
1904 3918 2036 3960 non
2105 3899 2219 3961 est.
2320 3897 2614 3961 similiter
2665 3893 2925 3979 ‘agceps',

681 4013 987 4095 ‘agcora’.
1794 4099 1798 4103 .
1978 4073 1981 4076 ,

854 4124 1014 4188 Mar.
1051 4123 1217 4189 Vict.
1257 4126 1296 4190 8
1344 4125 1576 4190 Accius
1615 4147 1761 4190 eum
1799 4125 2105 4198 scriberet
2139 4127 2424 4211 angueiS,
2472 4127 2726 4213 aggueis
2758 4139 2920 4207 pone·

678 4241 792 4303 bat
849 4241 971 4324 (ita
1022 4239 1410 4305 Ritschelius
1464 4260 1569 4325 pg.
1624 4241 1710 4304 23
1776 4244 2037 4324 excepto
2103 4241 2273 4325 quod
2337 4242 2562 4306 scribit
2614 4237 2919 4325 anguluS,

680 4355 1022 4439 aggulus3
1070 4356 1140 4418 in
1174 4337 1468 4419 Parisino
1514 4354 1682 4419 libro
1720 4356 1955 4439 legitur
2003 4357 2321 4439 anguies
2371 4358 2685 4441 angules
2728 4355 2917 4434 impo-
