3267 5075
579 332 687 392 XL
1029 320 1560 388 QUAESTIONUM
1595 321 2157 377 LUCILIANARUM
2194 323 2427 377 LIBER.

582 514 653 555 eo
687 494 848 569 quod
884 495 1015 552 erat
1050 510 1260 552 verum
1288 492 1550 550 dubitari
1586 511 1722 551 non‘
1741 495 1980 567 poterat
2019 493 2195 567 plena
2230 510 2560 567 proponere
2600 511 2720 551 non
2760 491 2882 551 fuit

581 602 832 673 3111111118,
861 618 937 658 113
964 599 1480 677 typographorum
1498 618 1716 657 munus
1745 598 1905 657 haud
1925 617 2067 657 sane
2094 598 2268 658 facile
2286 599 2445 658 ultro
2463 618 2877 675 aggravarem.

761 706 1045 767 Ceterum
1079 695 1288 786 omnia}
1313 705 1530 784 Lucilii
1564 706 1905 782 fragmenta
1940 724 2122 765 manu
2158 708 2366 765 nostra
2409 706 2708 782 descripta
2745 725 2881 782 ope-

582 835 787 875 rarum
813 815 876 873 in
902 833 1080 873 usum
1115 813 1236 873 iam
1273 831 1456 888 supra
1481 813 1824 897 memoravi.
1871 831 1991 889 qua
2017 812 2322 872 occasione
2348 831 2425 871 ne
2452 831 2561 888 per
2586 813 2883 873 mobilita-

582 924 707 980 tem
725 920 951 997 ingenii
969 920 1162 980 nostri
1179 920 1513 995 irreperent
1530 920 1716 979 verba
1732 939 1853 979 non
1871 918 2181 979 Luciliana
2198 919 2359 979 omni
2385 922 2519 979 erat
2544 939 2657 995 ope
2675 938 2885 981 caven-

584 1028 743 1086 dum.
799 1027 1004 1102 itaque
1041 1045 1150 1102 per
1184 1026 1444 1085 hiemem
1479 1026 1867 1101 praeteritam
1904 1046 2039 1085 cum
2075 1026 2244 1101 prela
2280 1029 2583 1085 exerceret
2616 1026 2883 1086 Lucilius

583 1151 946 1210 quamquam
987 1133 1120 1191 aliis
1156 1131 1413 1208 negotiis
1461 1133 1952 1209 occupatissimus
1999 1135 2202 1191 tamen
2243 1133 2462 1209 ubique
2498 1133 2687 1193 ferme
2723 1134 2884 1193 locos

582 1243 910 1314 auctorum,
940 1240 1045 1298 ubi
1072 1239 1427 1298 adferuntur
1453 1239 1779 1313 Luciliana,
1809 1242 1872 1299 et
1900 1240 2078 1299 simul
2105 1235 2457 1300 varietatem
2484 1240 2757 1300 lectionis
2787 1241 2885 1299 de-

581 1367 702 1408 nuo
739 1367 876 1407 cum
910 1346 1143 1423 ingenti
1186 1345 1391 1405 labore
1428 1347 1677 1407 excussi.
1743 1347 1901 1422 quod
1938 1347 2109 1422 siqua
2153 1348 2249 1406 vel
2286 1347 2370 1406 810
2405 1326 2673 1423 fugerint
2708 1366 2882 1406 curas

582 1456 837 1527 nostras,
869 1454 984 1513 etsi
1011 1453 1119 1528 vix
1138 1453 1200 1511 id
1221 1471 1412 1526 spero,
1442 1452 1801 1533 ut-indicent
1826 1453 1973 1511 mihi
1999 1453 2091 1512 ira
2118 1454 2433 1529 studioque
2460 1454 2679 1513 omisso
2707 1454 2882 1528 docti,

583 1581 701 1637 quo
729 1560 964 1636 possint
999 1578 1230 1620 errores
1266 1559 1370 1617 isti
1395 1559 1458 1617 in
1486 1559 1812 1635 appendice
1840 1560 2019 1621 Nonii
2048 1560 2279 1637 corrigi,
2309 1580 2429 1636 qua
2454 1580 2565 1637 par
2594 1563 2688 1620 est
2712 1571 2883 1639 roga'-

584 1688 718 1728 mus
748 1668 1045 1727 comitate.

762 1774 891 1833 Ι3111
930 1773 1211 1832 subsidiis
1250 1772 1532 1846 codicum,
1571 1776 1642 1831 ut
1669 1773 2020 1833 videbamur
2046 1774 2233 1847 nobie,
2272 1774 2429 1849 aptis
2466 1775 2582 1832 nisi
2611 1776 2882 1834 emenda-

584 1883 807 1942 tionem
837 1880 1054 1939 Lucilii
1092 1882 1435 1938 saturarum
1472 1880 1748 1955 aggressi
1777 1899 2002 1939 sumus.
2046 1911 2119 1921 —-
2168 1899 2237 1938 ac
2265 1881 2525 1956 primum
2552 1882 2793 1957 quidem
2820 1883 2882 1940 in

585 1987 935 2047 definiendis
976 1986 1268 2045 librorum
1309 1986 1569 2045 numeris
1612 1986 1729 2045 nisi
1770 1986 1922 2045 aliae
1962 1987 2225 2047 rationes
2268 1990 2440 2046 erant
2478 1988 2882 2064 respiciendae

582 2079 880 2170 potiorem
905 2092 1391 2151 membranarum
1418 2094 1839 2153 auctoritatem
1867 2113 2001 2153 sum
2029 2096 2287 2153 secutus.
2342 2113 2495 2170 quae
2533 2095 2636 2153 ubi
2665 2098 2796 2154 erat
2819 2096 2882 2154 in

586 2199 869 2275 ambiguo
896 2199 1109 2275 posita,
1136 2179 1225 2258 ita
1251 2198 1377 2258 fere
1404 2217 1534 2258 rem
1559 2199 1811 2273 institui,
1851 2202 1921 2259 ut
1946 2201 2231 2260 maiorem
2258 2200 2458 2276 potius
2491 2220 2671 2277 quam
2700 2203 2883 2262 mino-

585 2326 715 2365 rem
741 2324 1058 2364 numerum
1085 2324 1452 2381 reponerem.
1495 2338 1569 2346 —
1612 2309 1906 2382 quantum
1933 2308 2010 2366 ad
2037 2308 2171 2382 ipsa
2196 2308 2673 2384 fragmentorum
2698 2310 2885 2370 verba

587 2415 928 2490 depravata,
976 2414 1292 2488 plerosque
1338 2414 1401 2471 in
1446 2413 1744 2474 codicibus
1790 2411 1970 2473 Nonii
2020 2433 2251 2473 errores
2298 2417 2460 2474 ortos
2509 2435 2543 2473 e
2589 2416 2885 2491 scriptura

587 2521 882 2597 quadrata
915 2519 1036 2579 iam
1063 2520 1211 2579 alias
1252 2520 1565 2581 declaravi.
1620 2519 1841 2579 licebat
1875 2520 2117 2597 quidem
2143 2521 2433 2598 plurimos
2472 2541 2680 2581 eorum
2707 2523 2883 2582 unius

589 2647 695 2687 seu
732 2627 988 2686 duarum
1023 2627 1284 2688 triumve
1319 2628 1661 2687 litterarum
1696 2628 2029 2711 mutatione
2065 2628 2300 2705 corrigi.
2363 2630 2427 2686 in
2461 2629 2605 2688 locis
2639 2631 2884 2706 gravius

588 2733 883 2810 corruptis
922 2752 1054 2792 eam
1091 2734 1312 2810 ubique
1339 2734 1507 2793 tenui
1542 2752 1828 2808 normam,
1866 2736 1938 2793 ut
1965 2733 2219 2794 exclusis
2255 2736 2501 2812 reliquis
2535 2738 2884 2796 commentis

589 2858 886 2917 ponerem,
924 2840 1085 2915 quod
1121 2842 1184 2900 et
1212 2839 1571 2899 sententiam
1587 2842 1803 2916 ,aptam
1840 2839 2156 2915 praeberet
2192 2844 2255 2900 et
2286 2842 2534 2901 minima
2571 2845 2733 2902 esset
2759 2864 2885 2902 mu-

589 2946 758 3005 tandi
784 2947 933 3005 alea.
967 2977 1042 2986 —
1076 2946 1181 3005 ubi
1207 2949 1333 3005 tam
1355 2945 1622 3021 graviter
1649 2946 1869 3005 adfecti
1897 2948 2069 3005 erant
2095 2965 2321 3022 sensus,
2350 2948 2553 3024 plures
2582 2952 2653 3009 ut
2678 2953 2885 3026 patere

588 3053 937 3114 viderentur
955 3052 1086 3121 viae
1106 3051 1475 3125 emendandi,
1505 3071 1613 3113 nos
1644 3055 1883 3112 exclusa
1910 3054 2018 3111 aut
2043 3056 2203 3112 certe
2231 3073 2411 3130 quam
2438 3055 2694 3115 maxime
2722 3060 2888 3132 potc-

587 3162 687 3219 rat
721 3159 852 3219 fieri
879 3158 1114 3219 concisa
1139 3158 1380 3217 licentia
1416 3159 1713 3234 opinandi,
1753 3177 1824 3219 ea
1848 3159 2195 3234 recepimus,
2234 3180 2386 3237 quae
2422 3162 2690 3237 proxime
2719 3164 2889 3224 abes-

591 3268 727 3327 sent
753 3285 790 3325 a
814 3240 1071 3324 traditis:

767 3371 1089 3430 Praeterea
1139 3370 1251 3429 etsi
1299 3368 1438 3429 crisi
1482 3370 1844 3431 factitandae
1884 3391 2063 3448 quam
2115 3344 2430 3434 minimum
2471 3378 2630 3436 volui
2676 3378 2888 3437 adesse

589 3477 879 3551 licentiae,
909 3495 1029 3537 non
1058 3479 1257 3536 tamen
1286 3476 1402 3535 erit
1437 3476 1656 3535 mirum
1683 3478 1842 3537 haud
1870 3479 1958 3538 ita
1983 3499 2119 3540 raro
2146 3482 2208 3539 in
2235 3484 2508 3558 margine
2526 3488 2890 3545 memoratas

592 3585 718 3645 sive
745 3585 981 3645 nostras
1013 3582 1138 3643 sive
1166 3582 1420 3643 aliorum
1457 3581 1841 3659 coniecturas,
1879 3603 2030 3660 quas
2065 3605 2259 3663 neque
2296 3588 2536 3650 silentio
2572 3592 2890 3665 praeteriri

590 3708 782 3767 neque
810 3689 872 3748 in
900 3688 1033 3766 ipsa
1058 3688 1244 3749 verba
1270 3688 1484 3749 Lucilii
1512 3688 1752 3749 admitti
1779 3708 1812 3749 3
1839 3709 1905 3751 13
1933 3691 2252 3753 videretur.

769 3795 1039 3872 Denique
1077 3793 1169 3854 bis
1208 3797 1374 3856 terve
1411 3796 1473 3855 in
1509 3795 1797 3871 versibuS,
1834 3797 1938 3873 qui
1974 3798 2151 3874 plane
2188 3805 2362 3861 erant
2396 3802 2697 3879 desperati
2731 3809 2794 3864 et
2821 3810 2895 3865 ut

590 3904 900 3967 Luciliano
947 3900 1236 3963 vocabulo
1284 3902 1421 3961 utar
1467 3901 1737 3978 depositi,
1793 3902 1991 3963 missis
2037 3905 2530 3970 hariolationibus
2577 3912 2893 3973 doctorum

592 4012 859 4074 codicum
888 4008 1216 4084 scripturas
1246 4004 1502 4067 exhibui.

770 4116 1053 4178 Ceterum
1080 4112 1263 4187 nulla,
1293 4130 1368 4171 ne
1397 4110 1447 4171 si
1472 4110 1805 4173 Bentleium
1833 4114 2072 4191 quidem
2100 4135 2334 4195 aequeS,
2363 4124 2734 4185 coniectandi
2763 4129 2895 4188 feli-

591 4225 773 4285 citate
808 4224 872 4283 in
907 4218 1262 4300 fragmentis
1292 4216 1775 4279 reconeiunuudis
1805 4220 2027 4297 poterit
2061 4222 2214 4284 effici
2241 4228 2517 4304 multum,
2555 4234 2674 4292 nisi
2701 4236 2894 4309 proba

590 4331 778 4394 fueris
806 4333 1119 4392 auctorum
1155 4326 1259 4405 qui
1288 4324 1549 4387 afferunt
1576 4322 1694 4385 18111
1722 4326 1784 4385 et
1811 4326 2061 4387 maxime
2089 4336 2616 4405 grammaticorum
2653 4341 2890 4416 peritia.
