3267 5075
1191 348 1198 357 ’
1243 353 1461 408 LIBER
1496 353 1670 409 VIIII.
2467 352 2599 415 225

309 526 491 597 itaque
533 521 599 578 ab
643 523 742 579 hac
786 529 934 579 certe
965 530 1118 596 parte
1147 537 1245 576 cur
1274 519 1552 593 displiceat
1582 520 1893 575 coniectura
1925 527 2109 575 nostra
2149 536 2259 576 non
2301 519 2474 579 video.
2518 552 2599 560 —-

308 611 437 665 hice
490 625 590 681 per
634 624 799 663 unum
844 624 906 679 c,
951 607 1053 662 etsi
1099 605 1227 662 Mar.
1276 603 1411 661 Vict.
1459 621 1554 679 pg‚
1603 602 1685 659 24
1741 602 1893 659 iubet
1935 620 2137 677 pueros
2193 603 2429 662 scribere
2472 604 2600 661 sub-

312 701 478 749 tracta
525 709 555 747 e
601 709 685 766 ap.
735 692 897 765 Verg.
941 692 1074 748 hice
1118 693 1369 759 alienuS,
1415 690 1550 746 hice
1594 696 1712 760 ese,
1769 690 1916 745 hoec
1971 697 2100 745 erat
2151 693 2304 746 alma
2357 706 2597 761 parens.

310 809 390 817 -—
429 780 561 849 pila
610 794 713 849 qua
758 777 967 849 pisatur
1011 775 1156 849 quod
1202 773 1267 830 ab
1310 773 1405 830 illo
1437 772 1704 847 plurativo
1744 776 1874 846 pila
1919 760 2277 849 distinguitur
2303 774 2601 848 simplicii,

312 864 415 918 etsi
458 878 558 935 per
602 878 661 916 se
707 862 921 916 minime
965 861 1159 916 mirum
1204 867 1319 929 est,
1373 859 1554 932 potuit
1607 866 1785 914 tamen
1832 856 1945 914 fieri
2004 867 2062 919 ut
2117 861 2134 914 i
2190 861 2246 915 in
2299 859 2396 915 illo
2455 859 2599 932 quod

312 931 652 1002 imminutum
699 962 764 1000 ex
802 947 1022 1017 pistilla
1067 943 1211 1000 aliud
1253 942 1504 1016 quiddam
1550 950 1769 998 sonaret
1800 959 1957 1016 quam
1999 942 2053 998 in
2084 943 2206 999 hoc.
2254 973 2334 982 —-
2375 947 2604 1019 pisunt,-

315 1032 481 1086 Varro
526 1031 582 1086 d.
627 1030 665 1090 1.
713 1029 773 1085 L.
809 1029 882 1098 V,
930 1028 1053 1086 140
1091 1031 1270 1100 pilum
1301 1029 1455 1098 quod
1482 1044 1548 1083 eo
1571 1026 1683 1100 far
1706 1031 1936 1099 pisunt,·
1980 1027 2125 1101 quod
2157 1036 2344 1084 contra
2373 1029 2428 1083 in
2461 1030 2602 1083 eius-

313 1115 432 1170 dem
480 1113 658 1170 verbis
704 1131 789 1187 ap.
817 1112 956 1169 Non.
996 1112 1113 1170 152
1144 1131 1192 1168 s,
1223 1130 1269 1168 v.
1315 1113 1531 1186 pinsere
1576 1127 1763 1167 omnes
1807 1110 1929 1168 libri
1974 1114 2075 1185 qui
2115 1115 2173 1168 in
2200 1116 2447 1185 pristino
2467 1116 2605 1185 pin-1

313 1206 469 1255 seret
519 1199 784 1271 farinam
797 1222 817 1263 ‚·
870 1202 971 1271 qui
1011 1202 1143 1255 ruri
1187 1196 1297 1270 far
1343 1197 1648 1267 pinseba13
1701 1198 1881 1252 statim
1928 1204 2106 1252 tamen
2149 1196 2318 1252 codex
2365 1199 2602 1272 optimus

315 1285 368 1340 h.
415 1301 464 1339 e.
512 1282 892 1357 Lugdunensis
936 1283 1088 1355 prior
1130 1300 1203 1338 m.
1250 1299 1332 1355 pr.
1372 1285 1592 1352 pisunt.
1668 1281 1722 1336 in
1769 1279 1944 1336 verbis
1974 1281 2237 1337 Victorini
2283 1284 2474 1355 utique
2519 1299 2603 1339 re-

316 1367 625 1441 ponendum
683 1370 897 1424 sicilem
952 1365 1127 1439 (cuius
1170 1364 1413 1421 vocabuli
1460 1381 1710 1420 mensura
1767 1364 2070 1422 declaratur
2124 1364 2278 1422 Ennii
2334 1367 2601 1422 annalium

319 1470 363 1507 v.
412 1451 559 1526 499)
604 1469 706 1525 pro
736 1455 971 1509 silicem.
1046 1468 1165 1507 nam
1212 1451 1302 1523 qui
1352 1458 1479 1523 post
1508 1447 1858 1505 Ritschelium
1893 1445 1990 1526 [cs.
2023 1449 2114 1507 lib.
2148 1450 2215 1506 de
2247 1450 2406 1506 titulo
2437 1451 2604 1507 Mum·

318 1539 494 1593 miano
540 1554 634 1611 pg.
687 1530 795 1612 16]
855 1537 1012 1592 etiam
1057 1543 1307 1591 statuunt
1358 1540 1452 1589 aut
1493 1532 1699 1590 Lucilio
1755 1542 1847 1589 aut
1905 1536 2154 1607 cuiquam
2208 1535 2295 1590 alii
2349 1537 2451 1591 nisi
2509 1552 2605 1609 per

318 1638 558 1677 errorem
606 1621 838 1676 sortasse
884 1630 993 1676 non
1039 1619 1438 1693 infrequentem
1484 1617 1655 1689 (certe
1703 1618 1809 1674 huc
1850 1627 2094 1693 spectare
2140 1619 2423 1690 videntur,
2471 1637 2606 1693 quae

318 1706 382 1761 de
428 1706 534 1781 pila
579 1714 764 1760 monet
808 1704 993 1778 poeta)
1038 1705 1087 1760 ei
1132 1703 1370 1777 positum
1423 1719 1524 1777 pro
1554 1712 1804 1777 correpta
1835 1705 1873 1776 i,
1920 1720 2029 1758 non
2075 1712 2202 1759 sunt
2231 1703 2379 1778 digni
2411 1703 2607 1777 quibus

321 1790 735 1864 respondeatur.
822 1790 892 1845 ita
937 1798 998 1845 ut
1045 1788 1222 1845 obiter
1277 1789 1380 1843 hoc
1423 1786 1609 1842 addam
1657 1788 1710 1843 in
1756 1788 2031 1861 epitaphio
2077 1787 2342 1861 Scipionis
2388 1788 2605 1862 llispani

322 1875 556 1948 aequalis
601 1874 789 1929 Lucilii
833 1873 1037 1947 legitur
1078 1876 1238 1929 mieis
1280 1889 1389 1928 non
1434 1873 1609 1927 minus
1654 1873 1770 1927 eius
1802 1874 1894 1945 qui
1934 1872 2218 1945 insculpsit
2246 1871 2404 1928 verba
2448 1872 2604 1947 culpa

323 1976 419 2032 pro
464 1962 605 2015 meis
647 1960 682 2014 i.
731 1975 779 2013 e.
828 1962 962 2030 mis,
1018 1974 1177 2033 quam
1228 1955 1424 2012 ibidem
1475 1957 1619 2012 sibei
1670 1956 2061 2030 pyrrichiacum
2118 1965 2174 2012 et
2209 1961 2491 2031 proqenie
2534 1961 2612 2013 mi

324 2061 421 2117 pro
466 2060 534 2100 eo
566 2042 712 2117 quod
742 2051 828 2098 est
866 2043 1217 2116 proyem'em.
1291 2057 1408 2096 nam
1452 2040 1586 2096 illud
1631 2041 1725 2114 qui
1769 2057 1868 2115 pro
1899 2041 2112 2116 dactylo
2153 2043 2398 2114 potuerit
2427 2041 2610 2098 vendi-

327 2137 434 2184 tare
465 2128 797 2198 Momse11u3‚
841 2127 1090 2200 equidem
1135 2143 1243 2183 non
1285 2125 1565 2199 intellego.

489 2215 592 2268 iam
636 2211 897 2268 Lucilium
942 2213 989 2267 si
1017 2219 1165 2267 recte
1195 2210 1479 2284 intellego,
1510 2212 1564 2265 in
1598 2210 1645 2265 ei
1678 2210 2024 2285 diphthongo
2056 2209 2353 2268 adhibenda
2397 2221 2611 2287 praeter

328 2296 562 2354 finalium
609 2297 866 2370 quaedam
895 2296 1213 2351 ‘discrimina
1257 2293 1377 2350 illas
1422 2294 1593 2350 voluit
1640 2296 1876 2368 optineri
1908 2294 2290 2367 observantiaS,
2340 2305 2399 2352 ut
2443 2313 2611 2370 pone·

327 2391 474 2438 retur
529 2383 759 2455 primum
814 2380 877 2436 ad
937 2378 1289 2437 discernenda
1349 2377 1531 2434 eadem
1591 2379 1673 2435 vel
1729 2379 1917 2435 similia
1973 2379 2227 2436 vocabula
2280 2381 2608 2437 diversarum

326 2466 812 2542 signiiicationun13
857 2464 1050 2521 deinde
1092 2466 1148 2520 in
1194 2465 1270 2519 eis
1316 2480 1451 2538 quae
1495 2471 1588 2519 aut
1630 2465 1899 2539 scriptura
1929 2463 2061 2521 salsa
2105 2474 2199 2521 aut
2227 2483 2357 2521 vana
2402 2474 2610 2540 etymo·

329 2553 466 2627 logia
512 2550 575 2606 ab
621 2550 936 2626 aequalibus
982 2549 1256 2605 obscurari
1302 2549 1632 2606 viderentur.
1723 2550 1818 2606 sed
1863 2567 1924 2605 ea
1972 2558 2030 2606 ut
2062 2553 2253 2607 nimiae
2296 2569 2456 2608 curae
2501 2568 2610 2607 non

332 2636 569 2711 probavit
613 2635 980 2709 popularibus.
1026 2664 1112 2674 -
1155 2634 1394 2706 alioquin
1437 2635 1454 2688 i
1498 2651 1561 2689 an
1608 2635 1656 2689 ei
1704 2636 1874 2708 magis
1918 2635 2155 2707 placeret
2186 2636 2316 2691 nihil
2348 2638 2611 2692 interesse

332 2722 681 2792 existimavit,
736 2721 912 2795 ipsum
959 2728 1137 2775 tamen
1183 2727 1243 2774 ut
1286 2718 1685 2792 diphthongum
1729 2719 1982 2775 maluisse
2023 2719 2285 2776 librorum
2331 2723 2447 2777 eius
2491 2737 2613 2778 cor-

333 2805 554 2880 ruptelis
599 2804 741 2860 haud
773 2820 900 2859 sane
930 2805 1113 2878 paucis
1143 2811 1413 2877 appareat.
1472 2804 1631 2858 etiam
1678 2805 1731 2859 in
1773 2804 1872 2861 hac
1901 2820 1960 2860 re
1989 2805 2176 2860 similis
2205 2804 2392 2860 Lucilii
2423 2804 2607 2860 Varro.

498 2890 597 2946 15.
670 2888 838 2944 Lucili
895 2896 1181 2962 praecepta
1235 2887 1302 2942 de
1357 2887 1738 2943 adsimulandis
1801 2887 2086 2944 scribendo
2142 2889 2612 2963 pronuntiandove

337 2972 821 3049 praepositionibus
864 2972 1115 3028 videntur
1158 2974 1291 3028 haec
1333 2971 1525 3045 fuisse,
1569 2981 1629 3028 ut
1659 2972 1933 3047 sequenda
1979 2973 2255 3030 hominum
2287 2973 2615 3031 urbanorum

339 3059 402 3114 de
441 3076 499 3115 ea
545 3075 607 3114 re
650 3057 846 3114 iudicia
891 3063 1175 3122 statueret,
1222 3063 1449 3129 excepto
1496 3055 1587 3112 ubi
1631 3059 1764 3113 oriri
1808 3066 1997 3131 posset
2027 3059 2336 3133 ambiguum
2370 3059 2516 3116 velut
2562 3061 2613 3115 in

337 3143 425 3199 illo
467 3145 724 3201 abbitere
778 3159 877 3217 pro
924 3142 1203 3200 adbitere.
1285 3151 1464 3197 tamen
1507 3144 1779 3216 communi
1822 3143 1971 3217 vulgi
2019 3161 2120 3200 usu
2173 3147 2275 3200 iam
2322 3151 2435 3200 tum
2481 3152 2616 3199 tem-

341 3230 480 3301 poris
508 3227 830 3302 plerumque
873 3226 1218 3281 adsimulatas
1263 3227 1694 3299 praepositiones
1739 3235 1794 3283 et
1838 3227 1888 3282 id
1935 3229 2275 3301 potissimum
2310 3229 2477 3283 fuisse
2522 3228 2614 3301 qui

343 3311 663 3383 dubitarent,
710 3310 992 3366 scribendo
1038 3310 1197 3366 etiam
1242 3310 1618 3382 exprimendus
1664 3320 1811 3367 esset
1848 3328 2026 3388 ,novus
2070 3312 2453 3386 pronuntiandi
2497 3327 2614 3367 mos

344 3413 522 3469 necne,
567 3398 699 3470 ipsis
731 3396 899 3451 Lucili
934 3394 1176 3451 versibus
1220 3392 1588 3451 confirmatur.
1637 3426 1720 3435 —
1763 3405 2004 3452 ceterum
2036 3395 2259 3452 videnda
2291 3414 2430 3470 quae
2461 3403 2616 3452 nota-

346 3482 507 3537 vimus
551 3482 613 3537 ad
660 3480 838 3551 xxvi,
885 3478 965 3536 65
1010 3479 1077 3535 de
1121 3480 1407 3554 geminatis
1451 3497 1537 3554 ap.
1568 3479 1698 3542 Luc.
1731 3482 2006 3537 consoniS.
2053 3510 2132 3519 —-
2177 3483 2376 3554 fistula
2420 3479 2614 3552 ferrea,

347 3582 496 3637 quam
538 3566 667 3622 Cato
712 3581 881 3620 senex
926 3572 1189 3620 memorat
1232 3566 1287 3619 in
1330 3563 1367 3619 l.
1414 3563 1470 3620 d.
1515 3581 1559 3620 r.
1608 3582 1680 3638 r.‚
1725 3566 1826 3621 nisi
1870 3566 2053 3639 potius
2107 3565 2324 3640 legetur
2360 3566 2612 3640 falcata.

508 3667 603 3724 16.
679 3668 772 3741 qui
820 3667 981 3722 tutati
1026 3674 1155 3721 sunt
1198 3665 1289 3721 illa
1320 3669 1460 3723 etin
1490 3657 1601 3723 hoc
1629 3670 1848 3724 nullam
1877 3669 2292 3741 differentiam,
2336 3686 2433 3726 eos
2462 3686 2619 3743 pror·

346 3768 436 3807 sus
479 3769 582 3807 non
627 3753 836 3826 cepisse
879 3758 1100 3824 apparet
1144 3748 1302 3806 verba
1345 3753 1694 3825 grammatici.
1740 3782 1823 3792 —
1867 3770 1986 3808 nam
2018 3752 2370 3810 differentiam
2415 3757 2468 3810 in
2502 3771 2619 3810 ver·
2657 3799 2664 3804 .

348 3835 424 3891 bis
469 3838 751 3893 adbitendi
791 3844 848 3891 et
903 3836 1193 3891 abbitendi
1244 3837 1290 3890 si
1335 3834 1366 3889 b
1411 3836 1795 3893 assimilatione
1851 3845 1998 3892 esset
2053 3846 2235 3894 natum
2291 3839 2454 3895 ullam
2499 3855 2619 3894 esse

349 3922 466 3993 quis
505 3938 662 3978 sanus
712 3931 806 3976 aut
864 3918 1102 3975 firmaret
1157 3927 1251 3974 aut
1305 3920 1649 3976 confutaret?
1725 3921 1918 3994 quodsi
1973 3922 2156 3979 Velius
2210 3922 2449 3997 Longius
2494 3922 2616 3977 ideo

351 4006 544 4061 satirici
585 4005 856 4061 attulisset
901 4020 1113 4060 versum
1159 4020 1268 4077 quo
1313 4012 1608 4060 testaretur
1652 4014 1708 4061 et
1753 4007 2010 4063 adbitere
2065 4024 2228 4082 posse
2272 4007 2374 4063 dici
2420 4016 2474 4061 et
2519 4007 2617 4062 ab·

352 4091 538 4161 bitere,
582 4092 885 4164 scripturus
942 4088 1046 4144 suit
1101 4090 1291 4162 utique
1345 4091 1449 4146 sed
1488 4091 1631 4145 nihil
1673 4094 1954 4148 interesse
2007 4093 2279 4165 quomodo
2323 4092 2619 4147 scribatur

345 4180 512 4245 putat
551 4176 825 4232 Lucilius,
897 4174 1159 4230 abbilere
1202 4191 1301 4247 pro
1344 4166 1586 4230 ἀπιέναι
1616 4173 1821 4232 frustra
1866 4175 2018 4231 suere
2064 4178 2154 4249 qui
2189 4178 2240 4229 in
2273 4174 2495 4230 dubium
2527 4192 2619 4229 vo·

353 4267 542 4314 carent.
628 4277 744 4315 nam
790 4259 896 4315 etsi
938 4276 1024 4331 ap.
1071 4256 1312 4313 Plautum
1358 4259 1495 4315 Rud.
1545 4259 1664 4316 777
1713 4260 1889 4316 fertur
1932 4260 2032 4314 iam
2062 4259 2194 4315 illud
2226 4260 2405 4316 abital
2451 4257 2617 4333 (quod

354 4341 417 4398 de
460 4346 759 4400 coniectura
804 4345 964 4399 etiam
995 4342 1283 4399 adseruere
1328 4342 1473 4399 docti
1503 4344 1724 4404 Trucul.
1755 4345 1818 4415 ll,
1852 4344 1906 4409 7,
1943 4343 2042 4416 13,
2090 4342 2176 4399 ubi
2210 4343 2345 4399 male
2377 4345 2431 4400 in
2471 4343 2617 4400 libris

458 4439 503 4482 0.
527 4440 673 4482 Lucili
699 4443 841 4481 satur.
867 4440 948 4479 rel.
2131 4442 2196 4492 15
