3267 5075
637 370 834 428 XXVI
1084 348 1615 426 QUAE'STIONUM
1652 358 2211 414 LUCILIANARUM
2247 358 2483 414 LIBER.

641 532 870 607 profert
903 532 1081 606 longe
1118 530 1320 605 plures
1359 549 1477 588 non
1504 529 1692 604 ipsius
1724 531 1865 587 sunt
1894 530 1995 588 sed
2025 531 2213 605 patris
2252 531 2409 590 Iani
2444 532 2751 605 Dousae,
2796 532 2941 591 olim

641 638 844 713 Lipsii,
884 658 1021 696 mox
1050 636 1335 713 Scaligeri
1362 636 1690 709 familiariS,
1732 639 1794 694 et
1828 637 2120 713 Iosephi
2159 637 2537 715 Scaligeri,
2576 639 2679 714 qui
2709 642 2779 697 ut
2805 639 2947 697 huic

640 747 727 804 ita
753 746 891 803 filiis
922 745 1048 803 eius
1078 744 1195 802 fuit
1221 744 1756 802 coniunctissimus.
1806 745 1881 802 ab
1910 745 2100 802 isdem
2128 746 2246 804 illis
2278 746 2459 804 etiam
2488 746 2947 804 annotationum

641 852 982 928 potissimas
1023 852 1346 926 sumpsisse
1373 841 1756 908 Franciscum
1796 852 2144 911 existimem.
2202 856 2467 911 ceterum
2505 871 2656 927 quae
2685 853 2813 927 ipse
2843 853 2946 910 ad-

642 960 808 1033 didit,
838 978 956 1018 non
983 958 1150 1016 fuere
1179 958 1424 1033 indigna
1453 958 1736 1033 exemplis
1767 959 1969 1018 tantis,

818 1064 974 1123 Huic'
1013 1065 1257 1124 editioni
1302 1068 1592 1140 quantum
1642 1065 1857 1123 debeat
1883 1064 2149 1125 Lucilius
2198 1066 2343 1125 satis
2392 1067 2606 1141 amplis
2650 1066 2942 1125 declarari

642 1190 817 1247 posse
855 1173 1051 1231 verbis
1091 1173 1356 1247 despero,
1424 1172 1527 1229 sed
1566 1171 1787 1230 sufficit
1833 1172 2090 1231 fortasse
2128 1172 2427 1231 monuisse
2474 1173 2536 1230 in
2582 1174 2938 1232 coniectiuis

643 1280 951 1339 doctorum
993 1278 1307 1338 afferendis
1350 1278 1572 1337 nullius
1618 1297 1690 1336 ex
1732 1280 2005 1338 omnibus
2054 1280 2155 1354 qui
2196 1280 2307 1349 hoc
2353 1280 2545 1354 capite
2592 1299 2942 1359 percensen-

642 1390 744 1445 tur
784 1389 910 1444 tam
948 1404 1124 1461 saepe
1153 1385 1469 1444 memorari
1509 1404 1726 1445 nomen
1769 1404 1949 1460 quam
1991 1386 2228 1445 Dousae
2272 1389 2333 1445 et
2369 1384 2681 1463 Scaliger-i:
2710 1389 2966 1445 tantam*

645 1512 775 1551 esse
825 1493 888 1550 in
937 1492 1030 1551 his
1082 1492 1225 1551 viris
1277 1492 1641 1566 ubertatem,
1702 1493 2112 1567 subtilitatem,
2160 1493 2631 1569 profunditatem
2676 1493 2948 1554 invento-

642 1620 792 1658 rum.
848 1600 1052 1673 itaque
1093 1598 1246 1657 sicut
1289 1598 1510 1657 fabulis
1539 1598 1897 1659 Iudaeorum
1929 1603 2296 1660 memoratur
2324 1600 2563 1677 Moyses
2596 1618 2665 1658 ex
2692 1600 2946 1676 rupibus

643 1707 855 1766 baculo
893 1706 1167 1780 impulsis
1198 1706 1395 1765 vivam
1426 1705 1698 1765 elicuisse
1728 1726 1959 1781 aquam,
1998 1707 2087 1765 ita
2107 1708 2177 1784 *hi
2205 1707 2503 1765 Lucilium
2530 1689 2562 1765 e
2591 1708 2779 1766 ruinis
2810 1727 2946 1783 pro-

643 1815 904 1871 tractum
940 1831 1095 1872 nova
1131 1814 1426 1873 donavere
1461 1813 1589 1874 vita
1616 1814 1920 1886 hactenus,
1960 1816 2031 1872 ut
2067 1817 2226 1872 certe
2265 1814 2526 1889 aliquam
2562 1815 2786 1891 ingenii
2816 1815 2945 1873 eius

645 1920 901 1995 speciem
936 1924 1183 1995 possent
1218 1920 1339 1979 iam
1374 1921 1642 1979 imbuere
1680 1920 1891 1979 animis
1928 1920 2270 1980 litterarum
2301 1924 2574 1980 veterum
2604 1922 2819 1997 cupidi.
2862 1952 2939 1961 —

643 2026 880 2087 omnino
923 2026 1210 2100 quidquid
1257 2026 1446 2084 bonae
1493 2026 1686 2102 frugis
1728 2027 1791 2084 in
1834 2028 2209 2102 sequentium
2247 2031 2445 2087 aetate
2493 2029 2805 2088 doctorum
2842 2047 2946 2103 ap-

644 2137 817 2209 paret
854 2133 1009 2191 curis
1048 2131 1389 2204 Lucilianis,
1431 2132 1492 2189 id
1531 2136 1639 2192 aut
1677 2152 1748 2191 ex
1775 2133 2010 2193 Dousae
2051 2134 2307 2194 editione
2344 2135 2602 2209 petitum
2640 2137 2747 2193 aut
2784 2138 2955 2205 certe

646 2242 854 2300 eadem
894 2240 1192 2299 iudicandi
1233 2239 1513 2300 libertate
1557 2258 1623 2299 ac
1668 2240 1994 2316 sagacitate
2037 2260 2218 2316 quam
2259 2242 2598 2317 praeierant
2638 2240 2844 2301 Dousa
2885 2244 2949 2299 et

646 2347 911 2424 Scaliger
929 2349 1184 2423 partum.
1231 2365 1445 2421 nempe
1463 2347 1669 2407 Dousa
1703 2348 1824 2406 iam
1852 2366 1959 2424 per
1986 2348 2259 2423 Lipsium
2302 2368 2477 2407 suum
2514 2348 2738 2407 intimis
2777 2352 2947 2408 vetu-
3035 2401 3042 2405 ,

647 2455 1044 2515 stissimarum
1071 2455 1188 2515 litt.
1217 2439 1584 2514 Latinarum·
1598 2456 1829 2544 arcanis
1858 2474 1994 2514 cum
2023 2458 2183 2515 esset
2208 2454 2496 2530 initiatus,
2528 2474 2780 2531 cumque
2812 2455 2949 2515 Soa-

644 2563 798 2637 liger
825 2563 957 2637 ipsa
984 2563 1196 2637 indole,
1227 2582 1381 2640 quae
1417 2564 1537 2622 fuit
1576 2564 1899 2638 horridula,
1929 2565 2090 2623 certe
2120 2563 2315 2623 aliena
2343 2564 2417 2623 ab
2449 2563 2762 2640 elegantiis
2792 2563 2948 2622 face-

649 2673 877 2753 tiisque,
921 2671 994 2729 ad
1033 2670 1272 2730 eosdem
1307 2670 1568 2730 ferretur
1605 2671 1925 2746 scriptores
1969 2701 2044 2711 —
2087 2689 2228 2729 nam
2254 2671 2451 2745 minus
2489 2671 2722 2729 felicem
2758 2671 2947 2728 fuisse

649 2781 897 2837 sumlmu
928 2778 993 2836 in
1018 2777 1211 2853 poetis
1234 2775 1469 2837 Catullo
1498 2778 1930 2853 posterioribus
1952 2778 2312 2853 castigandis
2342 2778 2694 2837 fatebuntur
2719 2779 2818 2836 vel
2843 2777 2949 2836 isti

649 2885 745 2961 qui
777 2905 891 2957 nun
921 2889 1047 2944 tam
1074 2885 1386 2944 historiam
1415 2885 1488 2943 de
1509 2883 1810 2962 Scaligero
1834 2884 2093 2944 scribere
2112 2905 2290 2960 quam
2309 2885 2470 2944 facta
2490 2886 2620 2945 eius
2644 2888 2706 2944 et
2724 2885 2949 2960 scripta

649 2993 889 3049 laudare:-
921 2991 1278 3050 induxerunt
1304 2992 1367 3049 in
1395 2987 1658 3050 animum
1693 3024 1789 3065 —-,
1820 2991 1963 3068 quid
1992 2993 2211 3050 mirum
2248 2993 2299 3051 si
2328 2993 2540 3051 talium
2568 2992 2946 3068 ingeniorum

649 3097 881 3157 labora-s
909 3099 1117 3176 dignos
1138 3099 1478 3158 habuerunt
1497 3098 1789 3160 eventus?
1820 3101 2139 3159 accedebat
2165 3100 2323 3174 quod
2351 3100 2483 3175 ipsa
2509 3099 2797 3158 facilitate
2827 3117 2947 3157 me-

653 3209 878 3261 trorum
901 3206 1342 3281 prohibebatur,
1373 3225 1447 3265 ne
1476 3210 1603 3265 tam
1633 3225 1811 3282 saepe
1842 3225 1878 3265 a
1905 3226 2046 3265 vero
2067 3207 2417 3266 aberrarent
2436 3226 2617 3282 quam
2645 3207 2707 3265 in
2730 3207 2946 3266 Plauto

649 3313 1031 3373 emendando.
1097 3318 1458 3389 quamquam
1498 3315 1596 3373 vel
1638 3314 1702 3371 in
1741 3315 1851 3372 hac
1893 3302 2064 3388 parte
2107 3313 2266 3372 haud
2309 3313 2397 3372 ita
2436 3332 2572 3374 raro
2614 3317 2756 3373 sunt
2790 3315 2948 3388 lapsi

649 3417 761 3473 viri
801 3420 1017 3494 alisqui
1062 3420 1151 3478 rei
1184 3421 1469 3480 metricae
1506 3420 1872 3496 peritissimi,
1922 3440 2057 3480 cum
2095 3421 2235 3496 quia
2271 3413 2671 3496 posteriorum
2709 3420 2947 3480 Catullo

649 3529 960 3597 pacturum
988 3527 1164 3602 longe
1192 3528 1405 3586 melius
1433 3531 1652 3590 norant
1679 3532 1871 3588 artem
1909 3549 2087 3604 quam
2116 3529 2397 3603 priorum,
2427 3532 2561 3587 tum
2598 3547 2667 3586 ea
2694 3546 2760 3585 re
2788 3528 2948 3602 quod

653 3633 877 3689 iambus
929 3617 1055 3692 sive
1092 3633 1398 3695 trochaeos
1435 3635 1563 3694 eius
1597 3634 1662 3692 in
1698 3637 2022 3712 dactylicos
2058 3655 2336 3696 numeros
2363 3638 2599 3696 vertere
2625 3635 2950 3694 identidem

653 3745 793 3797 sunt
821 3739 1033 3799 conati.
1144 3760 1146 3762 ’

829 3846 1026 3905 Etiam
1055 3847 1491 3907 commentariis
1520 3848 1758 3910 Dousae
1787 3851 1923 3926 plus
1955 3870 2136 3926 quam
2166 3849 2532 3925 reliquorum
2561 3846 2824 3908 omnium
2852 3867 2948 3906 me

653 3954 865 4010 duhel-s
901 3953 1112 4012 lubens
1141 3951 1427 4028 profiteor
1438 3955 1459 4012 ε’
1491 3957 1663 4014 tanta
1688 3957 1849 4017 inest
1885 3957 1949 4015 in
1987 3957 2070 4016 eis
2110 3957 2561 4017 observatorum
2600 3958 2662 4014 et
2690 3954 2858 4029 copia
2886 3958 2949 4012 et

653 4062 970 4119 subtilitas
1029 4060 1188 4135 quod
1227 4078 1296 4118 eo
1338 4061 1530 4137 magis
1573 4065 1861 4123 memoria
1898 4064 2145 4140 dignum
2181 4063 2339 4137 duxi,
2379 4063 2659 4138 quoniam
2695 4062 2758 4120 in
2795 4080 2949 4120 com-

653 4166 869 4226 mantis
901 4151 1118 4227 nostris
1145 4185 1282 4226 raro
1310 4165 1548 4227 Dousae
1579 4187 1795 4228 nomen
1821 4171 2085 4230 affertur.
2881 4239 2896 4248 p

833 4274 947 4333 Sed
975 4274 1134 4333 enim
1152 4275 1468 4351 postquam
1497 4274 1841 4349 plenissime
1871 4295 2077 4337 sumus
2097 4277 2395 4354 persecuti
2413 4276 2557 4352 quid
2576 4275 2951 4351 praestiterit

649 4378 885 4441 Dousae
917 4381 1174 4444 recensio
1191 4380 1437 4454 Lucilio,
1465 4400 1584 4441 non
1609 4381 1807 4442 minus
1827 4387 2065 4463 oportet
2081 4384 2529 4449 commonstrari
2556 4383 2698 4459 quid
2738 4383 2946 4442 eadem
