3267 5075
537 464 669 531 370
805 467 1040 521 INDEX
1076 466 1333 521 RERUM
1369 464 1840 520 NOTABILIUM
1877 466 1955 520 IN
1994 464 2600 520 COMMENTARIIS.

542 630 975 695 promunturium
1012 630 1129 689 203,
1162 629 1212 678 4.
1725 629 1916 678 statim
1952 630 2069 678 321.

539 697 795 763 proprius
832 701 949 749 253.
1724 698 1903 746 status
1940 709 2040 761 pro
2078 699 2292 746 statura
2326 697 2444 745 258.
2502 702 2515 717 ·

538 764 826 831 proverbia
873 780 905 814 a
958 761 1174 813 Lucilio
1232 761 1475 813 adbibita
1538 765 1663 826 197,
1721 764 1798 814 sti
1835 778 1932 828 pro
1971 763 2065 813 isti
2100 765 2218 814 sim.
2253 764 2381 824 214,
2418 764 2536 812 227.

602 835 725 883 198;
768 835 890 882 242;
929 832 1055 893 280,
1093 831 1217 888 281,
1254 832 1371 881 282.
1720 830 1827 881 stic
1864 833 1982 882 227.

535 900 857 966 pullipremo
892 901 1008 952 284.
1720 899 2006 948 stricturae
2041 900 2166 960 204,
2203 899 2324 949 205.

539 983 671 1034 pure
709 984 806 1033 pro
844 983 1008 1032 puere
1044 967 1160 1016 sim.
1203 968 1317 1017 252.
1719 965 1848 1016 Suei
1892 968 2098 1031 scripta
2142 969 2269 1025 319,
2316 968 2432 1018 320.
2514 966 2631 1016 eius
2673 965 2840 1016 hexa-
2930 983 2938 990 ·

1786 1034 1939 1083 metri
1975 1041 2065 1085 sat
2099 1034 2223 1085 duri
2258 1036 2375 1085 322.

540 1120 575 1169 q
608 1104 796 1154 littera
830 1104 948 1152 226.
1718 1099 1991 1165 Sulpiciae
2028 1108 2217 1152 satura
2250 1104 2368 1152 283.

540 1188 703 1239 quam
750 1171 1121 1235 antepositum
1167 1170 1223 1218 in
1260 1170 1663 1234 comparatione
1719 1184 1926 1234 suppus
1960 1172 2078 1221 281.

614 1241 723 1290 198.
1719 1235 2098 1300 Syrophoenix
2114 1239 2249 1291 ·238.

539 1321 643 1371 que
680 1306 962 1355 traiectum
1003 1306 1130 1364 233,
1169 1306 1287 1355 283.
1720 1303 1888 1369 Syrus
1923 1307 2038 1355 250.

428 1399 437 1410 ·
541 1375 636 1440 qui
670 1389 768 1437 pro
808 1374 1016 1422 utinam
1058 1374 1179 1428 199,
1219 1373 1336 1421 216.

540 1440 918 1503 Quintilianus
957 1437 1156 1490 Lucilii
1189 1444 1244 1488 et
1276 1439 1541 1491 Varronis
1580 1456 1665 1490 sa·
1719 1443 1902 1490 taeter
1936 1441 2054 1494 293.

607 1514 848 1559 terarum
885 1523 1079 1574 parum
1116 1508 1328 1572 peritus
1364 1509 1480 1558 298.
1699 1514 1912 1572 tagax,
1950 1523 2118 1573 rapax
2154 1510 2273 1557 272.

539 1577 683 1643 quod
717 1592 887 1641 genus
930 1579 1046 1627 204.
1719 1580 2036 1640 tempestas,
2072 1590 2252 1625 rerum
2289 1581 2472 1626 status
2512 1577 2625 1627 196.

540 1644 807 1710 quondam
846 1645 904 1695 in
940 1642 1349 1709 comparatione
1384 1645 1501 1695 272.
1717 1646 1915 1694 tertius
1949 1644 2148 1695 fluctus
2184 1645 2300 1695 205.

539 1729 646 1778 quo
682 1719 843 1776 pacto
883 1713 996 1765 196.
1716 1717 1908 1776 tesqua
1940 1714 2057 1761 201.

1715 1779 1972 1836 Tiresias,
2008 1793 2121 1828 non
2155 1778 2369 1829 Tiresia
2410 1781 2528 1832 283.

541 1864 567 1896 r
602 1846 788 1898 littera
823 1848 942 1896 226.
1715 1846 1955 1897 Titinius
1991 1861 2090 1895 em.
2127 1849 2251 1907 211,
2289 1848 2413 1908 239,
2454 1848 2571 1900 262.

537 1916 756 1976 raudus,
793 1912 974 1976 rodus,
1012 1913 1178 1964 rudus
1212 1915 1330 1963 231.
1718 1915 1907 1964 tmesis
1941 1915 2065 1977 270,
2104 1916 2222 1963 271.

541 1982 880 2047 rederguisse
916 1984 1035 2033 285.
1717 1982 2045 2045 tragicorum
2102 1981 2413 2047 fragmenta
2479 1998 2514 2031 a
2572 1984 2636 2036 L.
2694 1982 2842 2032 libro

540 2051 783 2114 Regium,
820 2064 930 2100 non
968 2049 1232 2113 Rhequm
1269 2051 1383 2098 202.
1788 2048 1968 2097 XXVI
2004 2049 2212 2100 inserta
2246 2051 2532 2100 247-249.

537 2118 872 2183 reprendere,
909 2117 1196 2181 reprimere
1231 2118 1348 2167 243.
1721 2117 2047 2180 tragicorum
2072 2116 2293 2168 latinor.
2313 2117 2476 2167 verba
2500 2117 2727 2168 insolita
2743 2122 2842 2168 aut

538 2186 803 2245 resistere,
838 2190 1047 2235 restare
1086 2187 1205 2235 216.
1461 2199 1471 2213 ’
1787 2183 2010 2234 sordida
2047 2184 2211 2235 irrisa
2246 2199 2279 2233 a
2317 2186 2448 2235 Luc.
2487 2187 2777 2238 247-249,

537 2254 819 2304 retinen-im
856 2253 974 2301 264.
1719 2251 2073 2303 traiectiones
2107 2252 2398 2303 verborum
2427 2251 2684 2303 insolitae
2723 2256 2846 2313 194,

538 2327 685 2371 retro
722 2319 933 2370 rellicta
968 2320 1084 2369 266.
1786 2320 1903 2369 226.

537 2403 650 2451 rex,
687 2387 845 2438 homo
882 2387 1031 2437 (lives
1069 2391 1125 2438 et
1161 2391 1358 2452 potens
1394 2390 1510 2444 321.
1719 2386 1942 2447 truleus‚
1983 2387 2216 2437 truleum
2250 2389 2377 2450 237,
2415 2389 2534 2439 238.

1716 2454 2024 2505 Tuditanus
2064 2458 2177 2506 236.

541 2542 567 2575 s
604 2523 788 2574 littera
822 2524 939 2577 226.
1719 2522 1861 2574 tueri
1896 2538 2007 2573 non
2028 2520 2384 2586 dissyllabum
2418 2526 2534 2575 245.

538 2620 597 2627 —-
640 2609 665 2644 s
703 2596 961 2642 truncata
982 2591 1226 2642 librariis
1250 2606 1419 2642 causa
1446 2592 1663 2642 errandi
1719 2596 1896 2641 tumor
1939 2597 1995 2641 et
2039 2591 2371 2641 abundantia
2415 2594 2684 2644 orationis
2732 2598 2843 2642 tra-

607 2661 736 2714 246,
774 2661 875 2709 259
899 2676 978 2725 sq.
1784 2658 1924 2722 gicis
1960 2656 2055 2708 lat.
2091 2660 2418 2723 exprobrata
2452 2663 2571 2714 248.

539 2727 839 2779 Sallustius
874 2729 991 2779 219.
1719 2732 1819 2777 tun
1853 2741 1949 2791 pro
1987 2730 2102 2776 tum
2137 2729 2253 2782 202.

538 2795 727 2847 salvus
761 2810 795 2844 a
829 2796 947 2845 261.
1214 2828 1217 2831 -
1716 2792 1993 2859 Turpilius
2030 2810 2133 2845 em.
2170 2796 2294 2858 235,
2332 2797 2461 2855 269,
2495 2798 2613 2848 274.

539 2867 729 2914 satura
763 2861 851 2911 lex
891 2864 1003 2912 196.
1716 2860 2036 2913 Tuscolidae
2072 2863 2187 2913 273.

539 2937 745 2991 satura,
782 2944 894 2979 non
927 2934 1113 2993 satyra
1124 2931 1279 2982 29&-
1718 2927 2016 2980 Tusculani
2050 2931 2120 2979 ob
2156 2929 2416 2981 invidiam
2454 2931 2630 2981 notati
2665 2932 2788 2980 272.

540 2996 828 3062 Scipiadas
865 2999 980 3047 276.
1720 3003 1865 3061 tuus,
1903 3011 2049 3048 meus
2086 2999 2216 3058 217,
2254 3001 2371 3051 254.

539 3064 746 3116 scholia
781 3064 961 3114 Persii
1000 3078 1097 3117 em.
1138 3066 1254 3114 201.
2077 3126 2083 3131 ¹

541 3133 686 3185 scole
721 3134 838 3183 256.
1525 3151 1535 3158 ·
1719 3131 1969 3183 Valerius
2007 3131 2144 3183 Cato
2182 3149 2283 3184 em.
2318 3136 2435 3185 263.

544 3201 750 3252 scribse
785 3215 881 3265 pro
919 3200 1204 3266 scripsisse
1229 3202 1357 3262 262,
1398 3201 1517 3254 sim.
1542 3217 1664 3266 pas·
1718 3215 1852 3250 varo
1888 3202 2004 3253 281.

612 3269 715 3319 sim
750 3267 820 3318 al.
1645 3294 1658 3301 -
1723 3268 1898 3317 Varro
1932 3283 2031 3318 em.
2061 3271 2184 3329 193,
2224 3273 2347 3332 197,
2385 3273 2509 3333 210,
2548 3272 2675 3330 212,
2712 3274 2840 3337 216,

541 3341 802 3398 sectator,
838 3335 1169 3402 inportunus
1203 3336 1414 3387 assecla
1449 3338 1565 3391 276.
1788 3338 1914 3395 219,
1953 3338 2079 3396 229,
2115 3339 2240 3397 251,
2278 3340 2402 3399 257,
2439 3341 2563 3399 262,
2600 3341 2716 3388 270.

542 3404 749 3455 sectius
785 3405 902 3456 235.
1719 3403 1983 3453 Varronis
2018 3408 2237 3455 saturae
2270 3405 2592 3471 Menippeas
2636 3409 2751 3457 295.

541 3473 752 3523 senium
789 3474 905 3522 237.
1718 3474 1928 3533 venter,
1965 3470 2115 3522 lurco
2156 3475 2272 3522 213.

546 3544 725 3590 sentes
761 3555 858 3604 pro
896 3539 1041 3590 curis
1077 3542 1195 3590 211.
1719 3554 1884 3603 vergo
1923 3552 2019 3603 pro
2058 3540 2230 3606 virgo,
2266 3541 2384 3590 sim.
2419 3543 2544 3601 218,
2581 3544 2698 3593 269.

541 3622 818 3657 serverum
877 3609 1204 3658 comicorum
1272 3608 1493 3658 nomina
1562 3608 1665 3658 fre·
1721 3621 1913 3657 versus
1971 3606 2190 3657 iambici
2246 3614 2302 3658 et
2359 3609 2626 3659 trochaici
2678 3610 2840 3660 nimis

610 3675 833 3740 quentia
870 3675 1107 3726 satiricis
1142 3678 1270 3739 260,
1304 3678 1421 3728 261.
1792 3673 2209 3739 spondiazontes
2246 3677 2520 3726 invenusti
2557 3679 2682 3740 246,
2722 3680 2838 3728 259.

541 3757 821 3793 servorum
887 3742 1059 3793 festus
1126 3744 1243 3794 dies
1314 3747 1483 3794 metro
1554 3760 1667 3793 non
1723 3769 1785 3777 -
1823 3742 1881 3791 ui
1913 3741 2136 3793 dativus
2175 3745 2290 3794 275.

612 3816 775 3876 aptus
813 3811 937 3868 216,
978 3813 1094 3862 217.
1722 3809 1966 3859 Viriatus
2000 3813 2119 3860 249.

541 3883 861 3930 sexcentum
895 3893 992 3943 pro
1030 3879 1286 3942 sexcenti,
1323 3880 1442 3931 sim.
1475 3881 1591 3930 266.
1719 3876 1990 3942 Ulpianus
2026 3893 2127 3928 em.
2167 3880 2281 3932 197.

540 3947 589 3995 si
624 3945 879 3997 omissum
916 3947 1041 4006 235,
1080 3949 1197 3997 239.
1719 3944 2018 3995 urbanitati
2054 3950 2321 4011 quatenus
2356 3947 2415 3996 in
2447 3948 2650 4000 saturis
2683 3947 2842 3999 locus

540 4013 729 4065 simitu
763 4016 880 4063 266.
1787 4015 1906 4064 294.

540 4084 626 4131 sin
663 4096 761 4146 pro
796 4081 845 4130 si
885 4082 1008 4142 210,
1046 4083 1163 4131 229.
1718 4107 1783 4115 -
1809 4096 1875 4132 us
1911 4081 1970 4130 in
2002 4082 2334 4133 accusativis
2359 4080 2684 4134 Graecorum
2722 4085 2840 4133 256.

542 4148 834 4213 singularis
849 4154 906 4199 et
923 4148 1472 4214 pluralisimperativi
1490 4150 1667 4200 iuncti
1719 4152 1782 4198 ut
1817 4149 1875 4197 in
1912 4164 2145 4212 compar.
2184 4150 2552 4214 postpositum
2589 4153 2704 4201 215.

608 4219 725 4266 241.
1720 4218 1804 4266 uti
1839 4231 1936 4281 pro
1972 4217 2069 4266 ubi
2103 4219 2221 4267 221.

544 4283 774 4334 Sisenna
808 4299 907 4337 em.
947 4286 1062 4335 219.
1722 4285 1995 4350 utrimque
2029 4299 2190 4336 secus
2227 4287 2344 4337 244.

544 4349 775 4402 solidum
809 4366 1008 4417 corpus
1042 4354 1160 4403 265.
2014 4392 2018 4397 .

545 4419 787 4469 sotadici
820 4420 980 4469 metri
1014 4419 1171 4482 leges
1204 4422 1329 4479 318,
1366 4422 1484 4469 321.
1721 4418 2046 4497 zopyriatim
2081 4420 2200 4470 229.
