3267 5075
708 384 834 449 194
1321 454 1326 458 ⁴
1693 380 1914 440 LIBER
1950 384 1988 442 I.

872 554 909 625 1,
962 553 1141 609 1—3.
1204 552 1484 626 praefatio·
1557 555 1812 609 aetheris
1856 570 1904 608 e.
1939 571 1991 626 q.
2025 571 2068 607 S.
2135 552 2267 608 Enni
2316 550 2686 627 Epicl'iarmum
2720 566 2775 612 et
2811 555 2964 614 Euhc-

703 637 1164 694 mermn-videtur
1207 646 1448 710 tangere,
1496 636 1688 711 quibus
1733 646 1952 693 secutus
1993 637 2316 693 Graecorum
2363 640 2721 714 philosophos
2767 651 2965 699 naturae

703 739 884 778 rerum
915 738 1101 778 causas
1133 721 1374 777 versibus
1406 722 1605 781 Latinis
1639 724 1905 795 exposuit.
1951 751 2035 762 —
2076 724 2384 796 yenitctbile
2416 725 2465 779 h.
2500 742 2549 780 c.
2584 728 2739 797 quod
2764 732 2965 800 permit,-

703 816 764 862 ut
808 824 889 880 ap.
936 807 1093 862 Lucr.
1140 806 1177 872 1,
1229 807 1302 862 11
1349 808 1674 880 yenilabilis
1718 825 1870 863 auru
1915 807 2154 863 Favoni.

619 890 626 895 ’
874 890 929 946 2.
989 899 1272 964 postquam
1318 890 1704 946 demonstravit
1745 891 1985 948 savorem
2031 891 2307 946 hominum
2354 895 2579 948 maxime
2637 896 2775 950 circa
2820 895 2965 951 libros

701 976 961 1050 gravioris
991 977 1298 1049 argumenti
1332 977 1560 1051 versari„
1591 976 1695 1030 iam
1740 976 1803 1031 ad
1836 993 1933 1031 sua
1963 976 2175 1047 transit,
2221 993 2356 1049 quae
2388 977 2598 1034 dubitat
2645 995 2772 1035 num
2815 980 2965 1035 lecto·

701 1076 788 1115 res
833 1060 942 1115 sint
983 1060 1286 1115 inventura.

868 1142 1144 1199 credidere
1198 1143 1440 1217 plerique
1487 1152 1661 1199 totum
1708 1160 1917 1199 versum
1966 1144 2000 1199 2
2047 1153 2261 1201 saturae
2307 1148 2507 1219 primae
2550 1147 2721 1203 Persii
2771 1164 2833 1204 ex
2872 1148 2963 1203 Lu·

700 1228 822 1284 cilio
871 1227 1219 1297 translatum3
1264 1229 1309 1283 is
1356 1235 1535 1284 autem
1581 1237 1666 1284 est
1712 1229 1861 1284 talis:

871 1347 1015 1421 ‘quis
1058 1348 1208 1422 leget
1251 1347 1440 1404 haec?'
1518 1350 1624 1404 min
1672 1356 1731 1403 tu
1775 1348 1920 1404 istud
1965 1350 2078 1405 ais?
2150 1367 2308 1405 nemo
2356 1350 2594 1407 hercule.
2686 1349 2917 1408 ‘nemoP

702 1467 796 1523 sed
841 1474 990 1523 recte
1035 1466 1402 1523 Lachmannus
1448 1470 1499 1524 in
1547 1468 1728 1524 libello
1775 1466 2075 1525 academico
2123 1486 2245 1526 vere
2291 1488 2334 1526 a.
2372 1469 2534 1528 1848
2582 1472 2730 1528 edito
2774 1474 2964 1527 monuit

702 1551 859 1606 verba
901 1551 1223 1608 scholiastae
1278 1560 1341 1607 ut
1391 1569 1549 1626 saepe
1605 1552 1672 1608 de
1727 1562 1877 1627 parte
1925 1561 2129 1609 tantum
2189 1556 2367 1627 priore
2426 1571 2612 1610 versus
2658 1556 2957 1629 accipienda.
3016 1544 3021 1551 ’

696 1635 904 1709 reliqua
947 1638 1086 1692 enim
1146 1644 1247 1691 tam
1306 1644 1536 1711 anguste
1580 1639 1780 1711 scripta
1835 1654 1987 1710 esse,
2048 1644 2107 1693 ut
2165 1637 2228 1693 ab
2286 1639 2533 1694 ubertate
2575 1638 2763 1696 Lucilii
2816 1657 2957 1713 quam

698 1722 921 1776 maxime
966 1720 1228 1777 differant.
1274 1752 1358 1761 —
1402 1737 1503 1777 nec
1547 1723 1803 1777 maiorem
1849 1722 2010 1778 habet
2052 1721 2484 1796 probabilitatem
2541 1725 2691 1796 quod
2733 1725 2962 1780 nonnulli

696 1813 1004 1861 statuerunt
1048 1805 1112 1860 ad
1158 1807 1386 1879 primum
1430 1822 1643 1864 versum
1690 1805 1863 1862 Flacci
1909 1806 1964 1863 ‘o
2011 1824 2166 1863 curas
2212 1808 2516 1864 hominum!
2587 1826 2618 1865 o
2666 1816 2961 1883 quantumst

696 1892 750 1945 in
781 1889 942 1946 rebus
973 1891 1151 1945 inane'
1198 1891 1469 1963 pertinere
1501 1892 1870 1946 testimonium
1903 1894 2341 1947 commentatoris
2361 1911 2384 1962 :—
2422 1894 2468 1947 is
2513 1896 2658 1948 enim
2689 1902 2743 1950 et
2773 1894 2960 1948 tristior

647 2040 651 2044 .
698 1982 781 2029 est
826 1983 882 2029 et
923 1975 1094 2047 magis
1137 1975 1278 2048 sapit
1318 1974 1702 2049 philosophum
1734 1993 1889 2048 quam
1935 1985 1993 2031 ut
2023 1976 2212 2032 Lucilii
2256 1992 2375 2032 esse
2420 1980 2616 2050 possit,
2660 1986 2959 2051 'quamquam

699 2058 973 2113 fatendum
1022 2059 1132 2128 illa,
1179 2075 1314 2132 quae
1360 2061 1601 2132 proxime
1645 2068 1776 2114 sunt
1816 2060 2016 2134 addita,
2061 2060 2332 2116 adicienda
2365 2062 2521 2135 primi
2554 2079 2739 2118 versus
2770 2062 2958 2118 scholio

698 2151 825 2217 post
870 2142 1028 2198 verba
1071 2145 1348 2200 laborare
1393 2147 1556 2200 videt.

867 2227 923 2284 3.
1016 2228 1144 2283 haec
1188 2243 1314 2282 uum
1360 2229 1423 2283 atl
1468 2228 1709 2301 primum'
1755 2228 1951 2283 librum
1997 2231 2332 2303 pertineant,
2392 2248 2497 2286 non
2560 2232 2692 2287 satis
2749 2239 2952 2286 certum.

695 2328 823 2368 sanc
865 2312 996 2367 illud
1055 2315 1113 2368 in
1161 2308 1420 2383 primore
1472 2314 1621 2369 libro
1678 2320 1864 2386 potest
1923 2330 2041 2369 esse
2102 2315 2156 2369 in
2210 2315 2366 2369 initio
2412 2317 2583 2370 totius
2641 2318 2819 2389 operis
2860 2315 2956 2370 sive

698 2398 938 2470 priorum
985 2397 1226 2469 quinque
1270 2405 1327 2452 et
1370 2399 1561 2471 viginti
1608 2397 1968 2467 voluminum3
2016 2398 2109 2454 sed
2157 2415 2264 2453 non
2296 2399 2473 2454 minus
2506 2405 2655 2455 recte
2699 2400 2763 2455 de
2791 2398 2955 2474 primis

696 2482 930 2538 cuiusvis
978 2479 1167 2538 Lucilii
1219 2481 1481 2538 librorum
1541 2481 1783 2538 versibus
1828 2483 2199 2557 intellegetur.
2257 2511 2340 2523 ——
2393 2488 2453 2541 in
2503 2488 2761 2556 primore
2801 2486 2955 2545 libro;

694 2567 875 2622 solent
917 2573 1110 2640 poetae
1140 2568 1276 2622 circa
1307 2568 1475 2639 prima
1506 2569 1731 2622 maxime
1761 2568 1994 2622 carmina
2026 2584 2145 2623 esse
2190 2570 2422 2638 curiosi3
2470 2569 2540 2625 cl'.
2576 2569 2629 2626 d.
2655 2587 2701 2626 r.
2732 2587 2799 2626 m.
2833 2569 2955 2626 257.

695 2682 778 2693 -—
821 2657 1059 2706 ceterum
1107 2651 1448 2707 traiectiones
1493 2651 1840 2707 relativorum
1881 2654 2068 2708 nimias
2099 2655 2151 2708 in
2182 2652 2310 2709 Luc.
2345 2656 2525 2709 notavi
2558 2653 2701 2710 alibi.
2752 2685 2820 2693 —-
2862 2655 2957 2709 has

695 2738 826 2793 Aeli
864 2738 1119 2807 scriptas
1162 2751 1258 2791 res
1303 2738 1381 2792 ad
1423 2744 1475 2792 te
1508 2736 1765 2807 misimu’‚
1810 2736 1956 2793 Luci
1965 2762 1983 2801 ‚-
2027 2739 2105 2793 sic
2150 2737 2349 2810 placuit
2393 2740 2651 2794 constitui
2696 2739 2824 2795 haec
2861 2753 2954 2810 quo

652 2807 658 2817 ’
696 2830 751 2877 et
796 2821 1037 2876 traiectio
1085 2818 1371 2875 verborum
1417 2822 1590 2877 minus
1634 2821 1796 2877 solita
1841 2821 2151 2877 efficeretur
2195 2830 2250 2878 et
2280 2824 2452 2896 gratia
2483 2830 2765 2896 pararetur
2792 2838 2955 2879 nume·

694 2907 790 2960 riS.
874 2903 1244 2960 Lachmannus
1287 2907 1413 2976 has,
1462 2906 1602 2976 Aeli,
1651 2921 1748 2961 res
1790 2909 1868 2962 acl
1910 2914 1963 2962 te
2018 2911 2270 2979 scriptas
2307 2903 2553 2964 misma*
2589 2908 2757 2977 Luci,
2804 2907 2954 2962 duris-

696 2990 829 3045 sima
887 2989 1074 3061 utique
1128 3005 1367 3045 caesura.
1444 3020 1517 3029 —
1589 2990 1685 3045 sed
1753 2992 1970 3063 scripsit
2033 2990 2262 3046 sortasse
2316 2990 2597 3069 Lucilius·
2630 2993 2739 3048 has
2792 2994 2864 3047 ad
2909 2998 2952 3045 te

696 3077 954 3145 scriptas
997 3087 1094 3128 res
1131 3073 1261 3159 ageli
1285 3073 1519 3131 misimu'
1563 3074 1726 3130 Luci.
1810 3075 1957 3130 Luci
1981 3105 2065 3114 -—
2098 3076 2241 3146 Aeli,
2286 3076 2351 3131 L.
2396 3076 2594 3133 Aelius
2627 3077 2763 3133 Stilo
2791 3078 2950 3132 Prae·

697 3162 964 3228 coninua,
1023 3157 1089 3212 dc
1134 3174 1242 3230 quo
1299 3159 1372 3213 ita
1417 3158 1741 3214 Suetonius:
1798 3162 2203 3216 instruxerunt
2249 3168 2660 3234 auxeruntque
2713 3163 2783 3217 ab
2825 3161 2954 3217 omni

688 3250 866 3316 parte
906 3246 1343 3316 yrammaticam
1396 3243 1459 3298 L.
1505 3243 1703 3299 Aelius
1744 3244 2079 3301 Lanuvinus
2130 3260 2421 3317 generque
2479 3246 2626 3302 Aelii
2680 3246 2798 3302 Ser.
2843 3243 2949 3300 Clo·

693 3330 854 3399 diua,
911 3335 1152 3400 uterque
1208 3342 1380 3400 eques
1426 3329 1722 3385 Romanus
1764 3331 2038 3401 multique
2092 3345 2165 3383 ac
2210 3332 2360 3385 varii
2402 3335 2457 3385 et
2511 3334 2569 3386 in
2614 3333 2866 3387 doctrina
2905 3333 2949 3381 et
3006 3375 3011 3380 .

694 3416 756 3469 in
813 3427 880 3467 rc
928 3413 1170 3483 publica
1228 3427 1387 3468 usus,
1453 3411 1584 3478 ,suit
1627 3420 1806 3468 autem
1852 3421 1906 3467 et
1951 3414 2064 3486 ipse
2120 3414 2457 3485 optimatium
2516 3414 2711 3471 fautor.
2795 3414 2856 3468 de
2893 3427 2948 3466 eo

692 3496 852 3570 plene
897 3496 1012 3570 egit
1053 3495 1322 3552 Heusdius
1367 3498 1521 3552 cuius
1564 3504 1694 3552 sunt
1737 3498 1913 3552 studia
1958 3499 2128 3552 critic.
2174 3499 2229 3553 in
2268 3496 2438 3554 Lucil.
2484 3498 2671 3555 libello
2714 3500 2797 3555 cui
2838 3498 2946 3552 titu-

693 3581 780 3636 lus
823 3579 1243 3660 disquisitio'de
1287 3579 1349 3640 L.
1382 3580 1532 3637 Aelio
1577 3580 1807 3637 Stilone.
1860 3613 1929 3619 —
1978 3589 2218 3637 ceterum
2265 3581 2329 3637 ad
2376 3582 2520 3639 hunc
2564 3584 2720 3638 etiam
2763 3580 2945 3636 Caelius
2984 3617 2996 3636 .

696 3665 979 3738 Antipater
1023 3663 1189 3720 libros
1234 3665 1300 3720 de
1343 3665 1488 3721 hello
1535 3665 1734 3721 Punico
1778 3666 1821 3720 Il
1865 3666 2079 3721 videtur
2121 3666 2349 3722 dedisse.

863 3748 900 3803 4
924 3748 1091 3805 --18.
1167 3752 1390 3822 apparet
1435 3748 1758 3805 aemulatum
1787 3767 1906 3806 esse
1938 3749 2239 3823 Lucilium,
2266 3753 2479 3807 satirica
2512 3760 2692 3808 tamen
2735 3749 2943 3816 licentia,

691 3833 904 3889 initium
936 3832 1199 3905 odyssiae.
1247 3864 1328 3872 —
1371 3834 1562 3890 imitati
1590 3842 1772 3890 autem
1802 3835 1906 3891 boc
1948 3834 2173 3904 deorum
2214 3833 2502 3892 concilium
2545 3837 2738 3893 saturis
2768 3834 2942 3905 Menip-

693 3918 808 3992 peis
853 3916 1055 3972 Seneca
1100 3925 1152 3971 et
1198 3916 1503 3974 Martianus.
1557 3949 1627 3959 —
1679 3925 1737 3975 et
1780 3919 2024 3992 exemplo
2072 3920 2292 3975 Homeri
2339 3922 2491 3976 cuius
2538 3937 2667 3977 sane
2710 3919 2807 3976 suit
2844 3926 2940 3973 stu-

692 4002 1028 4058 diosissimus
1060 4000 1283 4056 Ennium
1329 4004 1383 4057 in
1427 4003 1703 4059 annalibus
1747 4011 2071 4059 conventum
2101 4006 2323 4060 deorum
2353 4007 2705 4078 proposuisse
2733 4012 2808 4059 sat
2835 4017 2940 4076 pro-

691 4086 936 4157 babilest‚
986 4102 1145 4159 quem
1189 4094 1365 4141 tamen
1410 4088 1585 4142 minus
1630 4096 1779 4144 recte
1824 4087 1886 4141 Vl
1932 4088 2183 4145 volumen
2232 4089 2321 4145 tali
2364 4091 2649 4146 incohasse
2692 4092 2937 4152 statuunt3

693 4171 842 4244 quod
874 4188 981 4244 quo
1029 4170 1244 4227 firment
1288 4187 1397 4226 non
1443 4171 1643 4227 habent
1683 4173 1785 4228 nisi
1828 4172 1963 4228 illud

864 4289 978 4337 tum
1022 4298 1145 4340 cum
1188 4283 1350 4338 corde
1394 4299 1495 4338 suo
1541 4281 1717 4338 divum
1766 4294 1917 4356 pater
1961 4291 2124 4356 atque
2170 4285 2443 4340 hominum
2488 4302 2583 4341 rex

863 4365 1053 4423 emitur
1098 4362 1278 4442 (immo
1303 4368 1559 4450 ‘cc-fatur
1602 4369 1634 4423 i.
1683 4383 1732 4422 e.
1778 4370 1926 4424 haec
1965 4368 2175 4444 fatur).
