3267 5075
726 398 858 463 284
1485 396 1583 451 EX
1621 397 1855 452 LIBRIS
1893 397 2247 453 INCERTIS.

901 567 1036 626 112.
1113 566 1284 623 adfert
1337 565 1574 622 Donatus
1628 565 1974 639 proverbium
2029 556 2286 622 Graecum
2343 561 2638 643 φαλακροὶ
2682 561 2955 642 Μυκόνιοι,

619 647 635 661 “
724 653 777 708 h.
825 670 873 708 e.
921 652 1146 708 trimetri
1194 668 1257 707 ex
1301 651 1507 706 comico
1540 652 1835 724 nescioquo
1880 652 2035 724 petiti
2081 660 2287 726 partem
2318 650 2550 708 finalem.

898 738 1038 795 113.
1110 740 1248 793 lecti
1258 761 1276 801 ,·
1320 735 1387 791 de
1432 737 1661 791 nummis
1710 737 1811 790 lnoc
1854 734 1956 792 dici
2002 743 2154 809 putat
2200 736 2370 792 Dousa
2417 747 2588 810 pater.

897 820 1035 878 114.
1113 822 1260 878 hunc
1302 835 1514 875 versum
1560 820 1622 875 ad
1671 819 1895 875 deorum
1943 821 2262 892 concilium,
2320 821 2467 895 quod
2517 824 2826 896 proponitur
2861 822 2892 878 Ι.
2926 821 2954 891 Ι,

723 908 1017 982 pertinere,
1063 914 1123 962 ut
1168 913 1486 979 corruptum
1532 906 1604 960 sit
1647 904 1779 960 illud
1829 909 1936 977 vir,
1982 905 2196 979 quidam
2241 913 2482 962 statuere
2528 906 2667 963 haud
2711 906 2909 963 iulicctc.

896 1009 1034 1066 115.
1110 1009 1216 1063 huc
1270 1008 1543 1087 pertinere
1599 1008 1845 1063 existimo
1900 1006 2024 1063 isid.
2081 1007 2258 1080 xvm,
2307 1008 2364 1079 7,
2414 1009 2448 1065 7
2507 1010 2654 1065 haee
2697 1009 2881 1081 (clava)
2913 1016 2952 1064 et

724 1099 912 1151 cateia
959 1112 1129 1167 quam
1186 1094 1473 1150 Horatius
1529 1094 1717 1148 calam
1774 1091 1843 1163 (v.
1891 1091 2098 1163 caiam)
2153 1095 2309 1150 dicit.
2396 1111 2482 1167 ap.
2540 1094 2676 1151 Non.
2724 1093 2949 1164 109,19

721 1178 1062 1236 scribendum
1124 1178 1315 1249 fatam
1381 1194 1496 1249 pro
1560 1176 1884 1249 salaricum
1956 1186 2222 1251 sequente
2268 1178 2478 1237 ‚Isidori
2543 1179 2778 1235 lemmate
2838 1195 2946 1234 com-

721 1261 1000 1336 probatur.
1513 1334 1520 1341 ,

894 1348 1035 1405 118.
1109 1348 1177 1403 cf.
1225 1346 1401 1417 XXVI,
1448 1346 1559 1414 60;
1605 1346 1806 1417 xxvii,
1853 1346 1954 1404 24.

895 1450 1033 1507 123.
1106 1450 1313 1505 Vettius
1358 1449 1449 1505 ille
1494 1451 1613 1522 quis
1662 1449 1824 1504 suerit
1868 1450 2079 1522 ignoro.
2156 1457 2304 1505 certe
2347 1467 2458 1506 non
2505 1451 2608 1507 l'uit
2638 1451 2826 1506 Vectius
2863 1450 2944 1504 sive

724 1534 931 1590 Vettius
988 1534 1331 1590 Pliilocomus
1398 1536 1778 1607 grammaticus
1846 1535 1999 1589 cuius
2058 1535 2296 1590 meminit
2348 1535 2673 1608 Suetonius3
2736 1534 2783 1590 id
2838 1535 2944 1589 enim

720 1628 903 1692 aperte
940 1617 1246 1676 rationibus
1277 1626 1579 1690 temporum
1613 1618 1999 1692 conprobatur,
2044 1620 2296 1691 quoniam
2329 1619 2570 1674 Valerius
2601 1620 2721 1675 Cato
2761 1621 2839 1691 qui
2873 1633 2944 1690 pu·

720 1703 884 1777 pillus
930 1705 1033 1760 suit
1079 1712 1325 1776 tempore
1354 1702 1533 1758 Sullae
1578 1701 1858 1758 dictatoris
1902 1719 2023 1758 eum
2056 1702 2221 1759 audiit
2253 1703 2527 1777 legentem
2562 1715 2756 1760 saturas
2783 1702 2942 1757 Lucilii.

722 1820 798 1828 --
850 1806 1046 1846 eorum
1089 1789 1153 1843 ad
1198 1787 1330 1843 illud
1361 1788 1765 1843 Praenestinis
1805 1786 1983 1842 solum
2030 1789 2303 1860 pertinere
2332 1790 2603 1860 existimo,
2647 1790 2817 1862 partim
2854 1785 2945 1841 ideo

721 1873 867 1946 quod
913 1872 1093 1929 addito
1139 1889 1364 1946 quoque
1393 1888 1685 1953 segregare
1731 1873 1828 1927 lios
1875 1871 2086 1927 videtur
2114 1889 2141 1926 a
2176 1871 2442 1945 prioribus
2475 1872 2833 1943 QuintilianuS,
2856 1888 2946 1945 par·

723 1959 816 2013 tim
862 1960 986 2032 quia
1032 1957 1255 2013 Sabinos
1301 1956 1425 2013 alibi
1467 1955 1723 2012 Romanis
1768 1965 1964 2030 aequat
2008 1956 2274 2013 Lucilius:

976 2112 1233 2170 Graecum
1279 2121 1333 2168 te
1378 2112 1566 2170 Albuci
1610 2129 1771 2186 quam
1814 2111 2111 2169 Romanum
2155 2121 2319 2189 atque
2363 2112 2620 2171 Sabinum

972 2198 1209 2254 maluisti
1251 2197 1374 2254 dici.
1436 2239 1440 2244 ‚

886 2353 1360 2411 Praenestinorum
1391 2369 1697 2410 sermonem
1727 2352 1972 2410 Latinum
2006 2356 2166 2410 etiam
2211 2358 2383 2429 carpit
2413 2355 2637 2412 Plautus
2665 2352 2859 2410 Trucul.
2885 2350 2952 2419 Ill,

719 2440 779 2512 2,
813 2440 892 2498 23
937 2449 1000 2497 ut
1042 2439 1441 2496 Praenestinis
1495 2442 1660 2495 conia
1707 2447 1793 2497 est
1837 2443 2060 2496 ciconia
2109 2448 2163 2495 et
2205 2440 2349 2497 Trin.
2383 2440 2469 2513 Ill,
2504 2441 2558 2512 1,
2594 2440 2631 2497 8
2677 2435 2952 2496 ‘tammodo’

716 2529 898 2600 inquit
941 2525 1380 2583 Praenestinus.
2852 2533 2861 2546 ·

891 2627 1028 2684 125.
1103 2637 1184 2698 tu,
1230 2629 1284 2683 in
1330 2626 1694 2701 descriptione
1741 2631 1845 2684 τοῦ
1883 2618 2210 2700 ἀδυνάτου,
2256 2637 2318 2683 ut
2362 2645 2446 2702 ap.
2479 2628 2641 2703 Prop.
2671 2626 2748 2697 ΙΙΙ,
2779 2626 2863 2696 30,
2890 2623 2953 2679 49

717 2721 778 2769 tu
815 2716 986 2785 prius
1031 2721 1086 2769 et
1125 2715 1343 2784 fluctus
1382 2715 1601 2784 poteris
1645 2716 1874 2769 siccare
1917 2717 2172 2769 marinos
2216 2729 2265 2768 e.
2298 2730 2353 2785 q.
2383 2730 2428 2769 s.
2473 2743 2556 2752 —--
2601 2715 2861 2779 deci-eris,
2900 2708 2955 2764 cl.

716 2797 770 2854 d.
818 2815 862 2853 r.
911 2814 979 2854 m.
1028 2797 1170 2853 399.
1217 2827 1302 2836 —
1345 2804 1383 2852 t.
1432 2814 1483 2852 c.
1533 2815 1586 2869 q.
1634 2800 1672 2853 i.
1718 2800 1793 2859 l.‚·
1848 2799 2326 2870 inportunissimus
2371 2814 2487 2853 mos
2535 2798 2954 2871 grammaticorum

716 2891 956 2937 veterum
1001 2882 1114 2937 sive
1159 2880 1499 2937 librariorum
1541 2883 1593 2936 in
1641 2880 1998 2955 scriptoribus
2043 2881 2348 2938 adferendis
2392 2899 2494 2955 pro
2541 2881 2713 2938 verbis
2746 2882 2861 2954 ipsis
2887 2878 2956 2933 lit·

716 2975 858 3021 teras
902 2966 1132 3022 initiales
1177 2965 1474 3039 reponendi
1517 2975 1572 3021 et
1603 2966 1708 3021 hoc
1738 2974 1792 3021 et
1822 2965 2049 3022 alterum
2082 2965 2269 3022 Lucilii
2313 2967 2671 3040 fragmentum
2714 2964 2771 3020 ab
2797 2962 2955 3019 eodem

715 3049 999 3107 Rufiniano
1060 3050 1277 3105 allatum
1346 3052 1629 3106 truncavit.
1695 3080 1778 3090 -
1842 3051 2074 3107 sortasse
2138 3053 2213 3107 ita
2285 3053 2585 3125 antiquitus
2654 3052 2747 3106 l'uit
2801 3048 2953 3146 clusus

716 3152 935 3191 versus:

1122 3300 1184 3348 tu·
1223 3293 1443 3349 crimina
1489 3308 1650 3365 quam
1695 3294 1799 3348 ista
1843 3289 2058 3349 levabis,

887 3446 1025 3503 127.
1102 3449 1305 3505 subulo
1346 3450 1723 3521 pultiprem03
1768 3448 1897 3521 quid
1944 3450 2012 3504 sit
2045 3448 2296 3505 traditum
2328 3451 2626 3523 antiquitus
2671 3458 2727 3505 ut
2756 3445 2953 3521 plerum-

713 3549 820 3604 que
864 3530 1004 3605 apud
1038 3533 1335 3590 Ausonium
1380 3550 1489 3589 non
1522 3542 1826 3604 comparet3
1873 3533 1966 3589 sed
2017 3532 2229 3589 videtur
2270 3544 2419 3590 recte
2464 3534 2662 3590 habere
2705 3530 2835 3607 quod
2867 3529 2955 3582 ier·

714 3625 802 3671 tur
847 3615 1031 3689 vulgo.
1080 3647 1162 3658 ——
1208 3620 1409 3674 subulo
1425 3644 1442 3681 ;
1499 3622 1571 3673 ita
1618 3616 1816 3674 tibicen
1862 3617 2059 3673 (licitur
2103 3615 2408 3674 Tuscorum
2465 3620 2667 3691 lingua.
2750 3631 2864 3671 usus
2900 3626 2954 3666 eo

712 3699 970 3755 vocabulo
1015 3699 1233 3758 Ennius.
1284 3734 1358 3742 —-
1398 3706 1766 3774 pullipremo,
1813 3705 1906 3776 qui
1947 3706 2136 3775 pullos
2167 3705 2199 3760 i.
2233 3719 2281 3758 e.
2322 3720 2545 3775 pueros
2575 3704 2792 3774 premit,
2832 3692 2952 3771 quod

712 3784 927 3857 saepius
973 3784 1170 3839 «licitur
1215 3791 1531 3859 comprimit
1545 3812 1561 3848 ,·
1606 3787 1748 3842 unde
1788 3796 1841 3842 ct
1871 3787 2058 3843 Prema
2103 3788 2199 3843 dea
2231 3787 2389 3844 dicta.
2465 3796 2721 3861 quantum
2761 3784 2815 3840 ad
2843 3778 2951 3855 pulli

712 3867 1049 3939 vocabulum⁷
1096 3870 1165 3927 cf.
1213 3872 1371 3926 etiam
1417 3870 1562 3928 Fest.
1613 3870 1734 3927 245
1767 3890 1812 3927 S.
1849 3890 1895 3927 v.
1943 3902 2028 3911 —-
2072 3872 2229 3927 verba
2274 3873 2363 3927 illa
2409 3875 2612 3930 subulo
2651 3873 2951 3944 puttipremo

713 3955 816 4009 etsi
862 3961 1066 4027 partem
1125 3956 1350 4011 trimetri
1396 3956 1601 4011 iambici
1657 3973 1753 4012 scu
1799 3958 2099 4012 tetrametri
2159 3957 2414 4012 trochaici
2463 3974 2600 4029 quac
2645 3965 2760 4031 post
2798 3963 2949 4006 raesu-

714 4056 823 4093 ram
870 4039 971 4093 sita
1017 4045 1100 4093 cst
1144 4037 1407 4109 efficiunt,
1456 4049 1627 4096 lamen
1678 4043 1760 4096 vix
1791 4041 1954 4096 credo
1987 4043 2279 4096 carminum
2313 4040 2479 4097 Lucili
2513 4041 2619 4097 illis
2651 4040 2816 4096 metris
2841 4047 2946 4089 con·

710 4124 963 4178 stantium
1012 4125 1320 4195 pervenisse
1365 4125 1606 4179 notitiam
1653 4125 1718 4180 ad
1763 4127 2092 4193 Ausonium3
2150 4125 2293 4181 unde
2338 4128 2508 4182 tutius
2553 4128 2656 4191 erit
2697 4120 2838 4178 statui
2876 4114 2947 4170 illa

709 4224 819 4263 non
864 4209 1159 4284 continuo,
1206 4207 1300 4264 sed
1347 4208 1609 4282 dirempta
1665 4208 1800 4266 locis
1857 4210 1984 4266 olim
2030 4209 2199 4267 l'uisse
2245 4228 2328 4284 ap.
2378 4209 2542 4284 Luc.‚
2587 4213 2676 4284 qui
2719 4215 2770 4262 ut
2808 4199 2944 4258 corri-

710 4300 860 4364 peret
908 4290 1118 4347 finalem
1162 4295 1217 4349 in
1263 4295 1485 4365 subula,
1534 4291 1647 4348 fieri
1691 4311 1800 4350 non
1844 4297 2042 4369 potuit.

884 4392 1025 4449 128.
1108 4396 1345 4450 imitatus
1400 4403 1483 4450 est
1535 4395 1704 4450 Varro
1763 4396 1999 4454 Bimarco
2065 4414 2268 4472 maqno
2326 4403 2411 4456 uti
2465 4402 2744 4456 tremiscat
2791 4391 2944 4450 Roma
